4375 6284
667 944 730 1006 176
1097 955 1386 1003 salmurooamr
1409 958 1450 1003 nn

663 1133 732 1192 iam
766 1131 938 1193 referenda
973 1130 1149 1192 videantur
1183 1145 1267 1204 quae
1296 1130 1337 1192 de
1368 1129 1486 1193 Cocalo
1518 1135 1563 1202 (et
1593 1133 1633 1195 de
1663 1133 1871 1203 Aeolosicone)

663 1250 754 1307 recte
782 1245 915 1305 ruerant
943 1243 1042 1304 dicta.
1072 1243 1153 1304 Post
1179 1243 1314 1305 Plutum
1337 1260 1457 1307 scenae
1480 1247 1697 1307 commissam
1721 1263 1741 1308 a
1762 1251 1872 1309 comico

663 1358 770 1420 fllium
804 1358 933 1420 civibus
966 1357 1172 1434 propositum
1203 1357 1251 1418 ait
1280 1358 1351 1418 vita
1379 1358 1527 1421 brevior:
1559 1360 1696 1422 Plutum
1722 1376 1795 1423 eum
1816 1360 1872 1422 filio

664 1474 797 1535 dedisse
819 1472 1015 1548 docendam,
1039 1486 1138 1546 quem
1163 1472 1291 1533 civibus
1313 1472 1363 1533 sic
1384 1477 1596 1551 proponeret,
1616 1475 1665 1535 ait
1682 1476 1753 1537 vita
1771 1476 1794 1537 Β
1809 1491 1872 1537 cum

664 1587 753 1648 Pluti
775 1589 973 1663 argumento
993 1586 1183 1647 concinens.

709 1700 856 1775 Denique
888 1701 929 1761 de
962 1699 1150 1761 tabularum
1185 1703 1416 1775 suspectarum
1457 1702 1649 1763 nominibus
1683 1702 1802 1777 ahquid
1833 1704 1877 1762 est
1952 1744 1953 1747 ,

665 1815 830 1889 additum;
873 1813 959 1889 quod
999 1814 1079 1875 licet
1120 1815 1238 1875 notatu
1271 1814 1317 1874 sit
1351 1814 1604 1892 dignissimum,
1637 1816 1679 1877 ab
1713 1818 1786 1892 ipsa
1816 1816 1876 1875 vita
1952 1882 1953 1895 ἢ

664 1927 815 1989 alienius.

709 2044 825 2117 Itaque
856 2058 910 2104 res
940 2058 979 2104 eo
1008 2043 1093 2104 redit
1121 2045 1160 2104 ut
1189 2045 1248 2103 sut
1269 2042 1454 2104 breviorem
1479 2045 1600 2121 vitam,
1623 2057 1707 2118 quae
1730 2058 1772 2104 ex
1793 2041 1876 2118 Apol·

664 2157 776 2219 lodoro
799 2159 957 2232 excerpts
978 2156 1119 2233 videtur,
1142 2157 1190 2218 ita
1212 2157 1421 2217 decurtatam
1445 2172 1520 2220 esse
1542 2158 1693 2219 dicamus
1715 2160 1753 2219 ut
1771 2156 1878 2218 recide

664 2273 778 2331 rentur
807 2284 1019 2345 quaecunque
1046 2271 1080 2331 in
1103 2270 1250 2345 longiore
1273 2272 1385 2331 essent
1407 2271 1565 2343 molesta,
1588 2273 1647 2333 aut
1670 2284 1877 2345 agnoscamus

665 2384 698 2445 id
728 2384 814 2459 quod
845 2383 959 2445 oculos
988 2383 1080 2446 ierit:
1111 2383 1205 2445 illam
1228 2398 1304 2446 esse
1327 2384 1508 2461 integram,
1532 2386 1620 2447 hanc
1641 2385 1876 2461 interpolatam,

665 2499 830 2560 Ranilum
861 2498 962 2573 igitur
985 2502 1075 2559 reete
1096 2498 1221 2559 dixisse
1238 2492 1260 2568 1)
1284 2513 1304 2559 a
1326 2498 1444 2559 stolido
1468 2500 1688 2574 grammatico
1710 2499 1782 2559 suis
1802 2496 1877 2557 addi·

665 2612 825 2673 tementis
848 2613 991 2672 auctam.

709 2839 866 2915 Neglecta
887 2837 955 2899 iam
979 2840 1068 2900 vitae
1090 2839 1282 2901 recensione
1304 2839 1478 2917 ampliore,
1506 2840 1690 2903 breviorem
1713 2840 1880 2917 paullisper

665 2956 766 3017 etiam
790 2954 1045 3031 perpendamus.

710 3070 818 3130 Patris
847 3068 989 3147 Philippi
1018 3084 1139 3131 nomen
1171 3084 1236 3130 non
1267 3072 1319 3131 est
1348 3085 1405 3131 cur
1431 3070 1677 3147 addubitemus,
1702 3085 1778 3132 cum
1801 3080 1879 3145 prae

664 3184 780 3243 sertim
804 3181 993 3244 confirmari
1016 3182 1167 3245 videatur
1189 3183 1327 3245 alterius
1348 3182 1408 3244 tilii
1431 3187 1547 3260 poetae
1566 3184 1685 3245 comici
1703 3184 1835 3245 nomine
1851 3172 1878 3247 't-

708 3296 982 3372 Oydatheniensis
1011 3297 1097 3370 quod
1121 3298 1257 3358 vocatur
1278 3298 1425 3359 comicus
1448 3292 1485 3374 ⁸),
1514 3296 1670 3359 fidentius
1691 3297 1725 3358 id
1747 3296 1878 3358 credero

664 3428 754 3488 mus,
790 3412 856 3472 nisi
886 3428 904 3473 e
934 3412 1120 3487 vesparum
1150 3412 1284 3474 fabulae
1313 3415 1391 3473 noto
1421 3411 1492 3473 loco
1522 3426 1694 3488 perperam
1723 3408 1879 3471 intellecto

664 3526 826 3601 originem
861 3526 980 3587 habere
1013 3528 1127 3601 posset
1160 3527 1243 3588 haee
1276 3526 1376 3589 lama.
1408 3526 1477 3603 Quo
1507 3527 1578 3589 loco
1608 3527 1701 3589 canis
1731 3524 1878 3603 Oydethe

664 3638 791 3700 niensis
831 3639 904 3700 sire
940 3638 1039 3702 (ileon
1073 3656 1190 3703 canem
1225 3642 1457 3706 Aexonensem
1492 3642 1564 3704 sive
1597 3642 1779 3703 Lachetem
1812 3634 1878 3699 iurb'

699 3905 718 3966 ¹)
733 3908 764 3955 In
789 3907 844 3955 vita
867 3910 910 3956 Ar.
932 3921 957 3969 p.
979 3908 1059 3956 xovi
1079 3910 1115 3969 (a.
1141 3910 1227 3969 188⁰).
1257 3910 1309 3967 Qui
1330 3910 1401 3969 qnod
1423 3923 1438 3956 a
1466 3908 1614 3958 ὒὶαεωοὶο
1639 3910 1788 3958 breviorem
1819 3906 1878 3954 illa!

665 3989 848 4037 concinnatam
873 3986 1018 4049 perhibuit,
1043 4002 1132 4036 errore
1153 3989 1248 4036 dnetns
1270 3991 1345 4046 iecit;
1368 3989 1461 4037 scribit
1483 3990 1552 4037 enim
1568 4003 1584 4036 a
1600 3988 1764 4036 Dicaearcho
1781 3996 1881 4047 qaoque·

664 4074 695 4118 nt
715 4072 742 4117 in
763 4067 826 4116 vitis
845 4071 866 4117 Α
882 4072 910 4117 et
926 4070 957 4126 B,
973 4066 1081 4116 tertium
1099 4068 1193 4117 comici
1210 4070 1294 4117 tilium
1313 4083 1363 4117 non
1382 4068 1560 4118 Philetaernm
1577 4068 1624 4117 scd
1640 4068 1817 4117 Nicostratum
1832 4074 1880 4111 erac

663 4150 840 4211 appeliatum
858 4161 936 4209 qnam
956 4163 1011 4197 rem
1028 4161 1106 4197 secus
1121 4149 1219 4196 habere
1237 4152 1349 4211 apparet
1365 4151 1486 4211 inspecto
1503 4147 1605 4197 scholio
1620 4148 1723 4197 Platon.
1742 4148 1815 4209 Apol
1832 4145 1881 4195 iae.

663 4230 732 4277 intra
747 4244 774 4291 p.
794 4230 841 4277 lis
859 4242 899 4287 sq.

696 4304 718 4368 ²)
736 4306 857 4364 „Viden”
879 4306 983 4369 scripsi,
1008 4309 1133 4367 qnoniam
1156 4321 1187 4354 ne
1208 4308 1236 4355 id
1258 4307 1366 4368 quidem
1383 4306 1455 4356 omni
1475 4290 1641 4356 dubitatione
1659 4312 1811 4368 exemptum
1826 4296 1880 4352 mihi

664 4386 777 4446 videtur,
801 4386 955 4448 Philippum
980 4386 1111 4435 comicum
1138 4391 1242 4447 poetam
1268 4386 1351 4436 tuisse
1377 4386 1558 4449 Aristophanis
1580 4384 1674 4435 illium.
1699 4386 1734 4434 ite
1757 4386 1790 4433 ad
1809 4383 1879 4445 patris

664 4481 757 4514 nomen
771 4466 843 4527 qnod
856 4468 960 4523 attinet,
974 4468 1096 4527 qnoniam
1114 4465 1276 4526 Porphyrius
1293 4468 1393 4515 Horatii
1408 4466 1496 4514 verbis
1514 4466 1642 4526 deceptus
1655 4466 1753 4527 (Epist.
1768 4464 1796 4513 11
1808 4464 1831 4519 1,
1843 4458 1880 4515 61)

665 4547 764 4594 Bioaeaa
790 4547 920 4606 quendam
943 4550 1108 4595 commentus
1131 4550 1171 4594 est
1193 4545 1377 4609 Aristophanis
1398 4551 1498 4608 patrem
1519 4547 1565 4607 (ct.
1582 4546 1672 4595 Banke
1688 4559 1714 4607 p.
1732 4546 1798 4601 m.
1816 4544 1843 4591 lt
1858 4544 1880 4587 et

665 4626 826 4683 cumin,
844 4623 888 4691 ia)
906 4624 997 4687 quidni
1016 4628 1094 4673 ctiam
1113 4624 1253 4689 Philippus
1269 4625 1315 4675 ille
1333 4641 1365 4675 ex
1382 4625 1478 4675 veteris
1495 4626 1608 4676 alicuius
1625 4628 1763 4688 scriptoris
1777 4626 1880 4687 ipsiusve

665 4704 760 4753 comici
775 4705 864 4754 verbis
878 4719 931 4753 non
948 4711 1020 4754 recte
1037 4706 1179 4754 intellectis
1196 4706 1340 4769 prodierit?

697 4782 766 4844 ³)1n
788 4784 842 4833 vita
858 4787 879 4832 B
895 4787 975 4833 ctiam
997 4782 1083 4832 tribus
1106 4798 1200 4833 nomen
1223 4789 1466 4844 commemoratum,
1489 4786 1561 4845 qnod
1584 4788 1672 4833 umen
1688 4785 1755 4833 nihil
1772 4784 1839 4832 valet
1853 4776 1880 4825 ad

663 4866 743 4913 iidem
768 4866 927 4924 taciendam
953 4866 1077 4925 qnoniam
1104 4878 1201 4926 pagum
1226 4863 1272 4926 qni
1294 4867 1375 4923 norit,
1397 4867 1477 4913 etiam
1499 4866 1595 4913 tribum
1618 4862 1700 4912 norit
1723 4864 1759 4913 lt
1774 4864 1880 4925 potuita

665 4948 723 4993 Pso.
742 4948 806 4995 1181
823 4946 890 4993 illud
906 4959 1001 4994 nomen
1019 4947 1100 5000 snmi;
1119 4958 1171 5005 quo
1187 4949 1275 4993 umen
1292 4947 1351 4994 loco
1368 4959 1419 4994 non
1436 4948 1515 5007 pocta
1532 4942 1703 5005 significatur,
1720 4946 1768 4992 aad
1784 4944 1881 4997 Cleoni-

663 5040 725 5074 mns
740 5024 892 5074 taxiarohns
908 5026 994 5073 tribus
1010 5022 1189 5078 Pandionidis.
