4375 6284
742 953 783 998 ns
806 951 915 997 rursu
937 951 1090 997 resumo.
1463 934 1527 994 327

350 1128 454 1190 tuem
488 1127 601 1188 versui
631 1127 708 1201 Lys.
740 1125 806 1184 449
837 1123 1021 1185 remedium
1046 1123 1114 1183 iem
1138 1123 1190 1184 est
1211 1125 1378 1199 paratum.
1402 1120 1533 1182 Clamat

317 1240 479 1317 probulus:

523 1351 605 1430 οίμοι
627 1350 835 1428 κακοδαίμων·
859 1344 1017 1411 &unitioni
1045 1345 1061 1409 δ
1092 1347 1264 1426 τοξότης.

351 1481 398 1542 Sic
428 1480 470 1557 R,
494 1479 528 1540 in
552 1481 582 1538 Γ
601 1480 715 1539 sutem
739 1480 793 1539 est
815 1471 988 1554 ἐπιλίλοιφ’,
1009 1476 1095 1551 quod
1118 1475 1363 1552 paratiorthosi
1386 1475 1532 1550 debetur,

316 1609 380 1655 nsm
401 1594 515 1655 litters
537 1613 559 1652 ιι
585 1592 654 1652 veri
677 1591 836 1653 indicium
858 1592 981 1652 servet.
1006 1591 1077 1652 Non
1103 1586 1119 1651 i
1142 1588 1264 1667 τοξότης
1286 1589 1344 1652 sed
1367 1589 1400 1650 oi
1415 1588 1532 1662 ιοξόιοι

316 1705 475 1782 probulum
519 1705 782 1781 dereliquerunt3
817 1706 903 1780 quod
937 1706 987 1766 sic
1020 1705 1138 1782 opinor
1171 1703 1257 1764 dixit
1290 1703 1347 1765 ille
1380 1704 1533 1764 trimetro

315 1821 507 1897 subtragioo:

524 1933 608 2012 οίμοι
629 1932 835 2010 κακοδαίμων·
860 1931 1067 1994 immorari
1100 1929 1116 1993 i
1147 1931 1319 2012 στρατός.

807 2041 819 2072 1

315 2117 388 2178 Olim
411 2116 476 2178 fuit
500 2113 687 2176 ἐπιλέλοιπεν
711 2049 733 2176 δι
749 2043 886 2194 goteperto.

349 2231 455 2305 Neque
490 2233 616 2291 temere
649 2231 793 2292 fortasse
829 2264 868 2274 —
904 2231 1062 2306 fortusse,
1098 2232 1249 2306 inquam,
1284 2244 1363 2290 nnm
1396 2231 1532 2292 tolerari

312 2349 409 2420 potest
438 2346 536 2406 lectio
568 2345 689 2406 tradito
720 2377 762 2386 -
793 2345 982 2420 suspicetur
1004 2345 1172 2420 quispiam
1198 2359 1313 2405 vocem
1345 2344 1532 2422 δυνάμει,

312 2475 385 2534 quse
407 2460 492 2521 Plut.
517 2460 582 2521 449
610 2473 768 2520 numeros
795 2459 939 2535 tragicos
963 2458 1128 2535 debilitat,
1152 2473 1218 2519 non
1241 2461 1358 2535 poetae
1381 2474 1455 2520 esse
1474 2460 1531 2520 sed

312 2573 506 2651 interpretis,
532 2575 611 2635 olim
636 2574 726 2635 enim
748 2573 869 2636 fuisse:

869 2671 966 2729 δυνάμει

524 2742 623 2814 ποίοις
647 2741 785 2803 ὅπλοισιν
808 2737 829 2820 ἢ
859 2741 994 2821 κράτει
1024 2741 1215 2813 πεποιθότες.

350 2873 494 2934 Addntur
512 2870 743 2946 pronominum
765 2883 830 2930 non
854 2869 961 2930 solum
986 2869 1156 2930 inutilium
1181 2869 1239 2930 sed
1263 2872 1297 2930 et
1320 2870 1437 2930 vicinis
1460 2884 1531 2944 per·

311 2987 500 3046 niciosorum
525 2983 714 3060 exemplum
740 2997 843 3044 unum
867 2984 902 3044 et
924 2983 1084 3045 alterum:

391 3099 476 3160 Plut.
505 3098 600 3159 1042.

521 3222 695 3300 ἀσπάζομαί
716 3242 755 3283 σε
779 3222 874 3303 φησίν
897 3221 1005 3302 ἀρχαία
1028 3224 1113 3301 φίλη·

521 3337 612 3399 πολιὰ
634 3336 795 3419 γεγένησαι
817 3336 875 3398 κτὲ.

308 3463 353 3525 Sic
380 3480 443 3526 uno
473 3467 590 3526 tenore
619 3464 662 3540 R,
693 3465 788 3539 quasi
812 3467 933 3526 cuncta
955 3465 1038 3526 haec
1062 3464 1163 3526 verbs
1185 3466 1256 3527 sint
1277 3467 1420 3526 iuvenis.
1445 3465 1527 3542 Quid

310 3580 470 3655 scripserit
499 3582 599 3656 poste
627 3580 772 3640 fortasse
802 3581 1024 3658 nesciremus,
1049 3613 1092 3623 -
1117 3596 1194 3642 nam
1225 3583 1262 3641 ut
1292 3580 1454 3656 lepidum,
1481 3580 1530 3641 ita

310 3691 465 3755 difficilius
487 3694 627 3755 inventu
651 3693 792 3770 videtur,
819 3727 859 3739 -
886 3695 950 3755 nisi
973 3695 1007 3756 in
1030 3695 1058 3752 V
1081 3697 1172 3756 esset
1190 3697 1381 3756 servatum:

476 3823 547 3880 NE.
570 3818 751 3897 ἀσπάζομαι.
775 3821 832 3880 ΓΡ.
857 3819 894 3881 σί
916 3837 1030 3898 φησιν;
1053 3823 1124 3880 ΝΕ.
1148 3818 1257 3899 ἀρχαία
1280 3820 1354 3898 φίλη
1377 3818 1434 3880 κοί.

348 3947 383 4007 In
402 3949 560 4009 evitium
577 3963 641 4022 quo
661 3948 806 4008 infectus
825 3947 926 4009 estR
948 3962 1092 4009 nascens
1115 3948 1278 4020 cernitur;
1299 3948 1401 4009 habet
1420 3947 1527 4009 enim:

311 4055 473 4139 ἀσπάζομαί
501 4077 556 4121 σε.
588 4062 624 4121 τί
654 4058 710 4121 κοί.

390 4175 486 4252 Vesp.
513 4177 596 4236 1071
624 4190 672 4249 sq.
699 4173 734 4234 Si
757 4175 828 4249 puis
849 4178 999 4252 oestmm,
1025 4173 1146 4236 chorus
1169 4176 1230 4250 nit,

609 4301 761 4378 θαυμάζει
785 4295 810 4379 μ’
838 4298 918 4379 δρῶν
942 4299 1034 4379 μέσον
1058 4299 1305 4380 διεσφηκωμένον

519 4413 538 4493 ἦ
562 4438 605 4488 τις
634 4412 743 4495 ἡμῶν
773 4414 855 4477 ἐστιν
876 4412 1005 4495 ἡπίνοια
1028 4425 1080 4494 τῆς
1103 4414 1300 4496 ἐγκεντρίδος.

311 4536 358 4599 Sic
385 4541 419 4602 R.
450 4542 488 4603 In
511 4543 540 4601 V
563 4545 651 4604 recte
684 4546 735 4604 est
758 4541 838 4620 ἤνις,
861 4544 984 4605 vitiose
1006 4541 1191 4620 enepotius,
1214 4545 1247 4604 in
1270 4543 1392 4604 ultime
1413 4548 1526 4605 sutem

311 4664 383 4713 voee
414 4659 584 4718 turbatum
621 4663 687 4732 est,
724 4673 801 4718 nam
837 4659 929 4734 prius
964 4659 1028 4719 fuit
1065 4654 1153 4735 ἡμῶν
1188 4659 1288 4736 optior
1326 4659 1367 4728 (si
1408 4658 1528 4720 ductus

309 4761 504 4832 oblittsrstos
535 4774 624 4832 rente
647 4772 872 4848 interpretor),
897 4772 973 4833 dein
997 4771 1152 4848 νινερίδος
1175 4778 1249 4841 (non
1273 4770 1472 4850 ἐγκεντρίδος)
1496 4774 1528 4834 id

308 4879 505 4944 estfactum.
533 4883 654 4944 Verum
680 4885 828 4945 restituit
850 4885 1006 4960 Bentley:

519 5008 583 5087 ἥτις
607 5007 685 5069 ἐστίν
708 5006 728 5087 ἡ
753 5009 871 5070 ἐπίνοια
899 5009 1077 5087 (τῆσδε)
1105 5018 1156 5087 τῆς
1179 5006 1375 5089 ἐγκεντρίδος.
