4375 6284
1181 964 1223 1007 DE
1245 964 1370 1008 roam

1168 1150 1390 1196 orchsoronrs.

871 1249 962 1323 ,Non
986 1247 1274 1322 Bellerophontes;
1299 1264 1500 1322 quamquam
1520 1250 1554 1308 et
1577 1247 1631 1308 hic
1654 1263 1751 1308 meus
1769 1247 1832 1308 luit

871 1360 1049 1437 ,Claudus,
1072 1361 1183 1436 dicax,
1207 1367 1395 1438 protervus,
1420 1365 1530 1423 orator
1553 1364 1659 1423 catus.

1189 1516 1373 1562 nuarnrnrs

871 1614 975 1690 ,Novi
998 1614 1106 1675 virum
1131 1615 1249 1675 istum:
1281 1615 1462 1690 Telephum
1487 1615 1630 1689 Mysum.

1169 1756 1390 1802 arcanoronrs.

1647 1829 1772 1890 Probe!

872 1946 970 2022 ,Mihi
992 1944 1140 2021 Telephi,
1164 1945 1303 2020 supplex
1328 1960 1451 2021 precor,
1476 1945 1518 2006 da
1542 1945 1732 2021 paenulam.

1192 2086 1375 2132 anarrrnns.

815 2247 820 2254 ,
872 2187 987 2262 ,Puer,
1012 2185 1180 2246 lacernam
1203 2186 1388 2259 squalidam
1411 2185 1489 2246 huic
1511 2185 1553 2246 da
1575 2186 1726 2261 Telephi:

871 2301 982 2375 ,Iacet
1003 2313 1105 2375 supra
1127 2298 1282 2372 Thyestis
1305 2300 1512 2360 immundam
1536 2301 1666 2375 togam,

874 2413 990 2489 ,illam
1014 2414 1101 2473 inter
1123 2415 1222 2486 atque
1245 2412 1338 2474 Inus.

1124 2527 1284 2597 (Affertur
1306 2528 1434 2598 vestie.)

1334 2639 1419 2716 Cape
1443 2642 1537 2703 hano.
1559 2676 1599 2686 -
1619 2642 1681 2717 nn,
1701 2657 1790 2702 nuno
1809 2643 1888 2702 abi.’'

711 2761 844 2824 Gratias
873 2756 1079 2833 Dicaeopolis
1108 2757 1179 2831 agit
1207 2771 1289 2829 quas
1318 2759 1429 2832 potest
1458 2758 1647 2832 maximas;
1679 2758 1737 2818 sed
1767 2761 1891 2834 praeter
1965 2739 1966 2742 ¹

666 2879 795 2939 vestem
834 2871 1019 2948 squalidam
1060 2870 1163 2931 etiam
1206 2870 1348 2944 Phrygio
1382 2871 1501 2947 pileolo
1535 2887 1618 2947 opus
1651 2875 1713 2932 est.
1747 2873 1891 2945 Requirit
1965 2931 1966 2934 ,

665 2992 768 3054 etiam
798 2987 967 3063 haculum,
997 3000 1059 3046 nec
1088 2999 1168 3061 non,
1193 2998 1276 3058 quae
1299 2999 1357 3061 pro
1379 2986 1599 3047 mendicantis
1621 3000 1701 3061 pera
1723 2987 1782 3062 sit,
1805 3000 1890 3060 spor·
1965 3069 1966 3074 ἵ

663 3107 784 3183 tulam,
810 3139 850 3150 -
874 3102 965 3164 olera
986 3100 1146 3160 nimirum
1169 3098 1334 3174 Euripidis
1357 3101 1466 3159 mater
1488 3100 1568 3160 olim
1593 3099 1783 3160 venditasse
1813 3101 1887 3160 fere·
1965 3125 1966 3142 ÷

663 3223 768 3296 hatur,
793 3252 834 3264 -
860 3220 893 3278 et
922 3214 1030 3292 poculi
1060 3214 1133 3274 loco
1165 3212 1301 3274 ollulam
1336 3214 1513 3286 rimosam;
1547 3213 1718 3275 vasculum
1753 3214 1888 3289 denique

661 3335 800 3412 spongia
833 3331 1091 3392 obturatum...
1115 3341 1180 3401 qua
1213 3326 1329 3402 pedem
1360 3327 1526 3403 saucium,
1558 3332 1596 3389 ut
1625 3328 1790 3402 Telephus
1819 3325 1887 3398 ille,

661 3450 832 3523 detergere
854 3443 969 3519 possit.
992 3441 1123 3516 Accipit
1145 3440 1277 3515 singula
1301 3455 1320 3500 a
1341 3443 1453 3517 poeta,
1479 3443 1552 3515 qui:

865 3556 1104 3633 „Tragoediam
1128 3555 1211 3615 mihi
1236 3555 1338 3632 eripis
1361 3571 1487 3632 meam,
1512 3559 1632 3618 miserl

865 3672 986 3748 ,Sume
1007 3671 1075 3730 ista
1098 3673 1131 3730 et
1154 3669 1232 3730 hinc
1254 3669 1382 3730 lacesse
1404 3685 1504 3743 quam
1529 3672 1686 3745 primum.

1172 3811 1393 3857 oronsoroms

1686 3885 1802 3947 Vale.’'

706 4007 769 4068 Sed
798 4005 945 4067 nondum
975 4001 1045 4062 abit
1074 4001 1170 4076 plura
1201 4000 1303 4061 etiam
1326 4001 1508 4074 requirens.
1532 4000 1644 4062 Poscit
1665 4003 1837 4076 praeterea
1859 3998 1891 4057 in

662 4121 845 4198 sportulam
869 4118 1023 4178 loliorum
1048 4113 1181 4188 aliquid.
1205 4113 1276 4174 Hoc
1298 4129 1426 4188 quoque
1449 4115 1480 4174 ei
1503 4114 1639 4191 praebet
1662 4115 1850 4190 Euripides:

863 4230 988 4306 ,Tene:
1013 4243 1134 4289 enecas
1156 4241 1221 4288 me.
1245 4227 1361 4302 Periit,
1387 4242 1442 4302 en,
1467 4228 1677 4303 tragoediam

707 4348 801 4408 Nunc
833 4345 935 4420 igitur
969 4343 1038 4403 abit
1067 4355 1174 4400 novus
1205 4340 1383 4417 Telephus,
1417 4341 1473 4402 sed
1505 4343 1619 4402 statim
1651 4341 1828 4403 revertitur
1860 4341 1893 4398 et

661 4461 817 4523 ultimum
840 4456 1077 4519 munusculum
1101 4454 1256 4529 flagitans
1277 4454 1374 4515 unice
1396 4454 1460 4514 sihi
1482 4455 1725 4515 necessarium:

864 4568 1079 4647 ,olusculum
1102 4568 1145 4629 da
1166 4569 1287 4629 matris
1310 4582 1328 4628 e
1351 4583 1453 4643 regno
1476 4569 1576 4629 tuae”

662 4689 824 4764 precatur.
847 4687 892 4746 At
915 4684 1021 4744 iratus
1044 4683 1179 4742 tandem
1203 4685 1301 4757 poeta
1324 4681 1486 4756 tragicus:

864 4797 1029 4874 ,insultat
1050 4797 1126 4856 iste.
1152 4794 1302 4856 claudite
1325 4797 1457 4856 aeratas
1480 4795 1601 4856 lores.”

663 4914 833 4978 clauditur
857 4914 959 4972 ianua
981 4913 1015 4971 et
1037 4909 1262 4984 Dicaeopolis:

865 5025 957 5104 ,Mea
978 5027 1090 5085 menet
1116 5023 1294 5084 eundumst
1311 5023 1385 5084 sine
1404 5023 1492 5084 olere
1515 5023 1605 5098 hino,
1627 5023 1731 5094 video,
1750 5019 1870 5082 mihi.’'
