4375 6284
825 953 902 997 VITA
925 954 964 998 ΕΤ
988 955 1156 1001 OPRRlBUS.

957 1285 1015 1348 ΠΙ.

419 1467 590 1541 Nusquam
611 1480 688 1526 vero
707 1465 818 1526 minus
838 1463 991 1526 valebant
1010 1466 1071 1525 hae
1091 1464 1342 1526 contentionum
1362 1478 1481 1524 causae
1499 1478 1600 1538 quam

370 1581 408 1640 in
428 1595 464 1640 re
483 1578 613 1654 publica
630 1577 976 1639 Lacedaemoniorum.
997 1577 1143 1653 Quorum
1159 1591 1233 1638 sors
1251 1576 1397 1637 strictim
1417 1579 1451 1636 st
1470 1577 1601 1637 eminus

371 1691 601 1769 spectantibus
620 1691 701 1751 ielis
722 1691 825 1752 videri
843 1692 987 1768 poterat,
1008 1705 1074 1752 non
1095 1690 1177 1751 viris
1196 1690 1230 1750 in
1249 1691 1338 1765 ipsas
1356 1704 1468 1750 rerum
1481 1703 1600 1750 causas

371 1805 506 1868 acutius
518 1804 770 1878 inquirentibus.
782 1803 853 1865 Non
867 1803 955 1865 enim
964 1803 1084 1865 virium
1098 1802 1327 1877 aequilibrium
1339 1803 1602 1877 sanguinemque

372 1921 456 1982 bene
479 1920 702 1994 temperatum
725 1919 784 1979 sed
808 1917 978 1979 cerebrum
1002 1931 1197 1992 oppressum
1216 1915 1403 1977 testabatur
1420 1915 1513 1977 lenta
1529 1916 1600 1992 pul·

371 2033 474 2109 satio,
494 2047 558 2106 qua
577 2047 634 2108 per
653 2031 744 2092 illius
763 2031 912 2092 civitatis
932 2045 1049 2106 corpus
1068 2029 1312 2106 propellebatur
1330 2029 1477 2104 sanguis.
1489 2029 1600 2102 Neque

371 2149 503 2224 poterat
532 2147 566 2207 in
595 2146 674 2206 fatis
704 2161 779 2207 esse
810 2147 847 2206 ut
877 2145 966 2206 illius
998 2144 1170 2221 Graeciae,
1202 2158 1286 2218 quae
1315 2142 1436 2204 Persas
1458 2142 1599 2204 ulterius

372 2259 523 2333 progredi
554 2261 704 2319 vetuerat
735 2261 768 2320 et
798 2275 818 2319 a
848 2258 953 2320 maris
982 2260 1049 2319 oris
1076 2260 1149 2320 erat
1175 2257 1361 2334 repulsura,
1385 2259 1485 2332 caput
1505 2254 1601 2318 deret

371 2373 501 2448 Sparta.
532 2372 735 2434 'tabescebat
766 2375 864 2435 baec:
889 2374 1070 2436 haerebant
1093 2374 1221 2434 ineius
1245 2371 1428 2433 visceribus
1450 2372 1601 2445 germina

373 2485 482 2547 morbi
503 2487 593 2548 vires
616 2487 742 2548 sensim
766 2486 964 2550 absumturi.
989 2489 1052 2550 Per
1074 2502 1136 2548 sex
1156 2489 1224 2548 iam
1248 2485 1382 2548 saecula
1403 2485 1438 2544 in
1458 2484 1599 2545 Eurotae

372 2599 460 2661 valle
490 2600 649 2661 dominati
679 2604 774 2662 erant
804 2602 1003 2678 Spartiatae,
1035 2602 1176 2664 necdum
1201 2615 1301 2662 verus
1332 2598 1471 2676 populus
1494 2615 1536 2659 ex
1559 2600 1601 2659 iis

370 2713 548 2789 prodierat,
569 2715 626 2774 sed
646 2715 749 2776 etiam
769 2730 856 2776 nunc
874 2715 943 2776 illic
961 2716 995 2776 in
1011 2715 1147 2776 stativis
1158 2712 1452 2790 peregrinabantur
1463 2711 1599 2774 milites.

370 2828 444 2889 Non
473 2829 588 2890 robore
612 2832 781 2890 aratorum
806 2829 916 2889 natale
939 2844 1037 2889 suum
1061 2829 1171 2890 solum
1194 2827 1409 2889 incolentium
1434 2825 1603 2888 nitebatur

371 2945 512 3018 Spartae
542 2946 703 3020 potestas,
742 2943 798 3003 sed
829 2943 932 3004 armis
959 2942 1158 3004 bellatorum
1193 2956 1257 3002 non
1292 2954 1432 3001 numero
1466 2940 1522 3000 sed
1554 2940 1601 3000 rei

371 3057 531 3116 militarie
559 3057 677 3132 peritia
707 3059 740 3117 et
771 3049 962 3117 fortitudine
989 3055 1171 3116 valentium
1196 3056 1301 3128 adque
1322 3052 1449 3129 praelia
1471 3066 1601 3127 semper

370 3171 574 3245 paratorum.
605 3169 649 3229 Hi
679 3169 852 3244 indigenas
882 3169 916 3229 in
946 3171 1035 3230 terra
1057 3168 1137 3230 olim
1160 3167 1202 3229 iis
1225 3171 1337 3243 erepta
1359 3166 1599 3242 mancipiorum

370 3283 714 3344 contemtissimorum
750 3286 785 3344 et
819 3283 878 3343 vix
911 3283 1085 3344 hominum
1120 3282 1192 3344 loco
1223 3280 1403 3357 habebant,
1440 3295 1481 3340 ne
1515 3278 1602 3339 tanti

370 3395 504 3471 quidem
535 3397 696 3458 iacientes
726 3398 842 3472 quanti
869 3412 1003 3473 pecora;
1034 3412 1113 3457 narn
1145 3395 1264 3458 bestiis
1293 3395 1486 3457 domesticis
1516 3395 1602 3455 solet

369 3510 475 3586 parci,
499 3510 557 3570 sed
579 3510 767 3571 belotarum
790 3510 979 3572 decrescere
1002 3525 1102 3585 quam
1126 3524 1274 3570 crescere
1296 3523 1473 3570 numerum
1494 3508 1602 3570 satius

370 3623 554 3684 videbatur.
587 3622 647 3699 Qui
678 3625 814 3686 tandem
846 3625 1010 3700 potuisset
1040 3623 1112 3686 fieri
1139 3627 1177 3684 ut
1199 3623 1333 3685 floreret
1353 3627 1388 3684 et
1410 3627 1604 3698 augesceret

370 3752 410 3797 aa
435 3736 567 3813 civitas,
591 3738 686 3798 cuius
704 3739 805 3800 duces
824 3753 910 3800 anno
929 3740 1006 3815 424,
1027 3741 1101 3799 tum
1122 3753 1198 3799 cum
1218 3737 1341 3798 bellum
1361 3738 1602 3812 gravissimum

369 3863 488 3925 parum
512 3865 664 3926 prospere
688 3852 872 3926 gerebatur,
897 3853 961 3913 duo
985 3852 1079 3913 milia
1100 3851 1284 3912 belotarum
1305 3851 1338 3912 in
1358 3850 1480 3911 militia
1498 3866 1603 3926 nuper

369 3967 507 4025 strenue
530 3967 737 4026 versutorum
769 3965 854 4026 clam
882 3969 916 4026 et
939 3981 996 4042 per
1020 3966 1172 4026 fraudem
1196 3965 1428 4041 turpissimam
1454 3965 1604 4026 emedio

369 4075 534 4138 tollendos
568 4081 734 4139 curarunt.
777 4079 920 4141 Placidis
956 4079 1066 4140 verbis
1108 4095 1181 4141 rem
1216 4079 1348 4140 rettulit
1381 4079 1605 4156 Thucydides,

369 4193 486 4268 utpote
517 4193 655 4252 minime
684 4193 869 4254 inauditam
902 4193 1072 4254 oredituve
1102 4192 1269 4254 difficilem
1288 4189 1324 4268 ¹),
1349 4196 1382 4254 et
1406 4192 1472 4254 alia
1495 4193 1607 4254 buius·

369 4306 498 4367 cemodi
522 4306 727 4367 crudelitatis
740 4307 983 4382 Spartiatarum
996 4307 1152 4383 exempla
1163 4310 1307 4382 possunt
1319 4307 1468 4383 proferri.
1482 4307 1607 4383 Nempe

369 4421 481 4494 magis
500 4420 696 4482 metuebant
717 4421 904 4496 Spartiatae
925 4421 1052 4482 belotas
1065 4421 1141 4496 quid
1154 4421 1276 4482 armati
1289 4422 1441 4482 valerent
1453 4423 1607 4497 expertos

368 4547 471 4607 quam
502 4533 594 4608 ipsos
623 4532 738 4594 hostes
770 4537 959 4597 extraneos.
991 4537 1035 4596 At
1058 4537 1150 4596 viros
1180 4537 1234 4610 qui
1265 4536 1393 4597 fortiter
1416 4551 1474 4612 pro
1497 4536 1605 4611 patria

369 4647 574 4706 dimicarunt
604 4661 662 4722 per
689 4648 828 4708 insidias
859 4663 977 4710 necare
1008 4649 1062 4710 ubi
1094 4649 1222 4710 civibus
1250 4664 1316 4710 non
1340 4650 1448 4711 solum
1472 4649 1601 4711 licitum

369 4759 430 4820 sed
461 4764 497 4820 et
527 4761 675 4822 salutare
706 4763 803 4836 atque
827 4764 1054 4824 necessarium
1080 4764 1219 4840 videtur,
1244 4763 1289 4825 ibi
1312 4765 1417 4826 instat
1439 4764 1602 4838 nemesis;

410 4989 431 5054 ¹)
449 4993 530 5042 Thuo.
548 4993 582 5042 IV
600 4996 640 5042 ab.
