4375 6284
606 938 627 995 4
1124 949 1166 993 nr
1190 949 1315 993 roman

606 1138 684 1184 vera
714 1123 814 1196 ratio,
846 1121 918 1181 sive
948 1119 1100 1180 versibus
1129 1121 1163 1180 id
1194 1120 1375 1181 celebraret
1404 1119 1575 1182 Choerilus
1603 1121 1737 1181 Samius
1758 1120 1833 1179 sive

614 1237 803 1298 Herodotus
831 1234 976 1295 Thorius
1006 1235 1155 1295 oratione
1185 1234 1306 1295 soluta.
1339 1235 1400 1310 Qui
1429 1250 1504 1296 rum
1534 1235 1624 1295 Darii
1647 1235 1834 1307 Xerxisque

606 1349 770 1412 militibus
793 1349 908 1409 Graeci
931 1348 1047 1408 heroes
1069 1347 1282 1423 dimicarunt,
1306 1346 1383 1408 tiliis
1406 1348 1649 1409 admirantibus
1671 1347 1836 1407 simillimi

606 1467 802 1529 videbantur
820 1461 972 1524 Herculis
989 1461 1131 1522 Achillis
1148 1462 1281 1538 Thesei,
1302 1465 1336 1522 et
1354 1463 1496 1523 fractum
1515 1463 1693 1537 imperium
1708 1461 1834 1522 Xerxis

606 1585 679 1642 tum
709 1578 903 1640 credebatur
932 1589 1007 1635 cum
1038 1575 1078 1634 ad
1108 1576 1240 1637 irritum
1272 1576 1470 1637 concidisset
1495 1576 1661 1651 expeditio
1685 1575 1726 1634 ad
1748 1572 1833 1634 fines

606 1691 816 1771 proferendos
844 1687 1009 1764 suscepto.
1032 1689 1159 1764 Nempe
1181 1689 1314 1749 eminus
1337 1691 1513 1765 conspecta
1535 1702 1599 1750 non
1621 1691 1692 1749 tam
1715 1689 1834 1762 ingens

605 1822 705 1883 quam
728 1808 799 1866 erat
821 1802 995 1865 videbatur
1017 1801 1123 1876 hydra
1144 1802 1283 1876 Asiana,
1308 1805 1469 1864 noceatis
1491 1800 1672 1879 apparebat
1688 1803 1833 1875 quantae

605 1922 708 1983 etiam
739 1921 853 1980 essent
883 1916 954 1978 eius
985 1916 1085 1992 vires,
1109 1930 1192 1989 quas
1217 1916 1341 1976 Xerxis
1363 1916 1587 1990 Mardoniique
1609 1915 1720 1976 clades
1742 1914 1831 1990 paul·

605 2035 712 2095 lulum
734 2032 868 2107 quidem
890 2029 1114 2107 auuussent,
1138 2031 1196 2092 sed
1219 2032 1358 2092 minime
1380 2031 1635 2092 absumsissent.

1196 2399 1238 2459 ΙΙ.

652 2604 706 2664 Sic
736 2601 937 2662 Graecorum
961 2600 1068 2660 virtus
1098 2615 1181 2674 quae
1206 2600 1315 2661 iuerat
1337 2604 1503 2677 assecuta,
1526 2617 1601 2662 cum
1624 2604 1737 2663 essent
1761 2619 1835 2678 per-

608 2733 744 2792 magna,
768 2716 874 2778 multo
897 2713 998 2775 etiam
1022 2714 1151 2774 maiora
1168 2716 1248 2773 sunt
1266 2713 1393 2792 habita,
1413 2719 1450 2776 ut
1469 2716 1622 2777 lascivire
1640 2719 1674 2777 et
1692 2717 1833 2778 ferocire

607 2833 692 2894 solet
725 2831 856 2891 animus
889 2828 1083 2904 populorum
1119 2828 1153 2888 in
1195 2829 1344 2888 maximo
1378 2844 1488 2890 rerum
1526 2830 1718 2890 discrimine
1751 2832 1833 2905 quid

607 2945 740 3007 valeant
769 2943 914 3019 primum
946 2946 1167 3016 expertorum.
1199 2941 1268 3001 Sibi
1291 2945 1325 3003 et
1347 2942 1419 3003 suis
1441 2943 1504 3003 diis
1526 2941 1688 3004 confidere
1710 2943 1833 3005 didice-

605 3063 680 3120 rant
710 3059 744 3119 et
773 3057 862 3117 laeta
892 3055 949 3115 illa
974 3053 1171 3116 confidentia
1197 3055 1389 3131 impellebat
1411 3055 1451 3116 ad
1475 3056 1601 3116 maiora
1622 3057 1772 3118 audenda
1793 3061 1829 3117 et

604 3172 730 3247 optima
760 3169 897 3244 quaevis
927 3168 1099 3244 speranda.
1129 3169 1175 3228 At
1203 3169 1389 3228 maximnm
1422 3169 1498 3229 huic
1527 3171 1599 3246 spei
1619 3170 1727 3231 inerat
1745 3170 1824 3244 peri·

604 3286 726 3347 culum.
756 3283 840 3344 Nam
869 3281 966 3343 firma
995 3279 1101 3341 fldave
1131 3282 1215 3342 satis
1245 3297 1318 3342 esse
1348 3284 1514 3357 nequeunt
1545 3298 1628 3357 quae
1657 3298 1723 3345 non
1748 3286 1830 3343 sunt

605 3415 696 3476 vera,
729 3411 834 3471 neque
862 3395 1032 3470 splendida
1060 3394 1119 3455 illa
1147 3398 1319 3470 poetarum
1347 3397 1519 3457 mendacia
1540 3394 1675 3458 firmum
1697 3397 1832 3473 praebe·

603 3515 682 3574 bant
704 3511 958 3572 tundamentum
982 3509 1034 3569 cui
1056 3509 1259 3584 prosperitas
1277 3510 1388 3571 sutura
1407 3513 1700 3585 superstrueretur.
1719 3512 1832 3573 liliam

602 3629 636 3688 in
655 3626 854 3687 Graecorum
874 3625 1004 3698 pectore
1018 3655 1058 3665 —
1072 3625 1110 3682 ut
1128 3623 1163 3682 in
1181 3624 1365 3683 ceterorum
1385 3623 1558 3684 bominum
1574 3624 1676 3700 largis
1688 3629 1833 3687 naturae

602 3740 697 3802 donis
718 3739 890 3799 beatorum
907 3769 948 3780 -
965 3737 1098 3811 magnis
1120 3736 1301 3797 virtutibus
1324 3751 1446 3812 magna
1467 3738 1596 3798 sociata
1617 3742 1711 3799 erant
1736 3740 1831 3800 vitia.

602 3852 771 3914 Fortitudo
802 3849 846 3909 ibi
876 3849 1026 3925 pariebat
1051 3852 1257 3910 contemtum
1289 3851 1570 3924 adversariorum
1602 3853 1654 3912 sui
1683 3852 1764 3912 iuris
1788 3857 1832 3914 ut

601 3968 729 4039 essent,
765 3964 892 4024 vicinos
926 3964 1183 4036 aversabantur;
1217 3963 1383 4024 libertatis
1417 3964 1565 4024 studium
1599 3980 1665 4025 non
1697 3966 1834 4028 sinebat

600 4079 770 4141 communi
800 4077 936 4139 consilio
966 4077 1060 4152 iungi
1090 4079 1285 4138 cunctorum
1310 4077 1398 4136 vires
1428 4079 1462 4137 et
1485 4091 1581 4152 opes;
1605 4077 1712 4139 laudis
1733 4093 1835 4140 amor

599 4193 759 4254 afferebat
791 4191 952 4251 invidiam
987 4190 1139 4251 fortunae
1175 4190 1312 4251 alienae.
1348 4190 1402 4250 Sic
1435 4191 1562 4252 iactum
1596 4194 1647 4252 est
1677 4194 1715 4250 ut
1742 4192 1832 4270 tela,

600 4321 683 4381 quae
713 4306 747 4365 in
776 4304 933 4365 barbaros
962 4303 1092 4364 ruerant
1122 4306 1250 4381 parata,
1283 4307 1357 4379 post
1386 4305 1503 4379 ingens
1533 4304 1613 4365 illud
1642 4304 1832 4380 periculum

601 4433 755 4481 aversum
785 4433 805 4477 a
835 4417 969 4477 Graecis
1000 4417 1032 4475 in
1064 4417 1207 4477 Graecos
1236 4433 1317 4478 mox
1342 4419 1594 4493 stringerentur,
1617 4419 1712 4492 quasi
1734 4417 1834 4480 nulla

601 4534 703 4596 etiam
745 4529 923 4591 metuenda
966 4532 1055 4590 esset
1096 4529 1210 4590 Pereia
1251 4533 1310 4592 aut
1346 4530 1510 4607 Carthago
1551 4547 1612 4593 nec
1648 4533 1829 4606 quicquam

601 4648 729 4707 vetaret
761 4643 902 4705 internis
935 4644 1050 4705 litibus
1084 4648 1185 4719 atque
1219 4645 1391 4706 discordiis
1424 4660 1523 4707 omne
1559 4647 1626 4707 iam
1660 4646 1828 4708 mentium

600 4772 836 4834 corporumque
859 4758 986 4818 intendi
1009 4759 1118 4819 robur.

645 4873 769 4949 Quippe
803 4870 873 4933 fleri
907 4872 955 4932 sic
986 4872 1139 4933 voluerat
1171 4875 1302 4933 natura.
1344 4873 1433 4948 Quae
1467 4874 1595 4935 caelum
1630 4874 1756 4935 clarum
1791 4879 1831 4936 et

600 4991 752 5063 apertum
782 4986 915 5047 Graecis
942 4987 1044 5060 dedit,
1069 4987 1127 5048 sed
1150 5001 1210 5061 per
1231 4988 1338 5047 terras
1360 4987 1426 5048 late
1447 4987 1634 5063 prospicere
1657 5003 1722 5048 non
1743 4988 1832 5050 sivit
