4375 6284
676 956 719 1016 36
1193 971 1236 1016 nn
1259 972 1386 1018 roman

675 1143 738 1205 diis
762 1140 873 1203 Oleoni
895 1155 1120 1202 successorem
1150 1142 1353 1203 destinatum
1377 1144 1472 1205 unice
1494 1159 1533 1205 eo
1556 1145 1693 1220 dignum
1715 1148 1885 1224 dudumque

676 1255 844 1319 vaticiniis
867 1255 1088 1330 designatum.

720 1371 866 1448 Populus
899 1385 1002 1431 senex
1036 1370 1245 1445 grandaevus
1279 1373 1387 1432 totum
1418 1387 1455 1432 se
1485 1372 1610 1434 dedidit
1639 1389 1736 1436 servo
1771 1375 1885 1437 cuidam

676 1486 817 1549 Bullionl
840 1499 943 1560 nuper
964 1488 1063 1544 emto.
1089 1484 1156 1544 Sub
1180 1485 1273 1545 cuius
1295 1486 1430 1545 nomine
1454 1486 1527 1559 quis
1550 1486 1673 1564 lateat,
1699 1503 1741 1548 ne
1759 1503 1817 1563 per
1833 1489 1886 1550 bre·

676 1601 853 1664 vissimum
875 1599 1008 1673 quidem
1033 1597 1195 1673 temporis
1218 1598 1395 1659 articulum
1419 1599 1571 1673 cuiquam
1596 1600 1683 1661 inter
1700 1604 1888 1676 spectatores
1968 1562 1974 1665 l

674 1715 810 1778 dublum
835 1713 938 1775 videri
961 1713 1087 1787 potest;
1113 1726 1190 1772 nam
1217 1710 1316 1773 Cleon
1340 1727 1379 1773 eo
1401 1727 1499 1788 quem
1524 1728 1642 1775 omnes
1666 1718 1788 1775 norunt
1807 1715 1887 1776 vultu

673 1829 781 1906 prodit
802 1828 837 1888 in
860 1826 1023 1903 pulpitum
1043 1841 1147 1901 eaque
1166 1842 1260 1904 voce,
1281 1843 1346 1902 qua
1366 1828 1489 1888 civium
1510 1829 1702 1890 concionem
1721 1830 1886 1890 attonitam
1972 1768 1975 1859 Ι

673 1949 786 2005 tenere
815 1941 914 2018 solet,
947 1942 981 2000 in
1011 1942 1144 2003 theatro
1174 1942 1242 2002 iam
1272 1942 1467 2004 deblaterat.
1491 1941 1609 2004 Cetera
1632 1945 1800 2019 mancipia
1819 1945 1889 2005 nibil

675 2059 786 2119 valent
814 2056 976 2117 adversus
998 2055 1246 2116 fraudulentum
1270 2055 1359 2116 hunc
1383 2056 1499 2131 Populi
1520 2056 1727 2133 ministrum,
1751 2059 1807 2132 qui
1828 2059 1888 2119 beri
1972 1953 1975 2109 ι

672 2171 823 2232 animum
854 2169 953 2230 malis
983 2166 1150 2229 veneficiis
1180 2169 1303 2230 intecit.
1334 2170 1396 2230 Sed
1426 2170 1656 2246 prosperitatis
1681 2170 1807 2232 notaria
1827 2175 1887 2231 arte
1972 2146 1975 2293 ι

672 2287 787 2360 partae
810 2298 909 2358 prope
932 2281 1027 2342 adest
1050 2280 1136 2342 finis.
1165 2282 1254 2342 llam
1274 2281 1449 2343 clamando
1472 2285 1506 2343 et
1529 2283 1720 2344 mentiendo
1743 2285 1886 2358 quamdiu
1973 2300 1974 2303 ¹

671 2399 797 2460 nemini
827 2396 891 2457 luit
921 2395 1099 2469 secundus,
1131 2410 1172 2456 ne
1202 2395 1402 2456 auctoritate
1431 2395 1565 2470 quidem
1596 2396 1698 2456 cessit
1728 2397 1886 2470 cuiquam,

671 2513 739 2573 iam
764 2526 841 2572 vero
871 2511 1046 2585 superatur
1058 2561 1062 2579 ,
1072 2508 1113 2569 ab
1136 2509 1278 2570 isiciario
1302 2509 1458 2585 quodam,
1483 2509 1700 2585 spurcissimo
1722 2509 1887 2583 nebulone,

671 2626 792 2700 quippe
811 2623 867 2699 qui
891 2623 1001 2683 minus
1025 2623 1127 2682 etiam
1151 2636 1251 2696 quam
1275 2623 1346 2697 ipse
1369 2622 1415 2682 sit
1433 2622 1559 2698 cultus,
1579 2623 1693 2683 minus
1710 2624 1886 2696 modestus,

672 2741 784 2800 minus
818 2737 989 2797 honestus.
1025 2735 1135 2796 Vincit
1168 2735 1222 2796 hic
1255 2735 1387 2810 iurgiis,
1425 2735 1528 2796 vincit
1562 2735 1759 2811 mendaciis,
1795 2735 1889 2796 vincit

670 2851 904 2913 blanditiarum
929 2849 1082 2923 quamvis
1106 2849 1294 2924 ineptarum
1316 2847 1479 2925 artificiis,
1507 2883 1545 2892 -
1571 2851 1682 2923 itaque
1705 2850 1739 2910 in
1762 2848 1888 2911 aedibus

669 2966 760 3027 senis
783 2963 908 3039 stupidi
930 2963 997 3023 iam
1020 2962 1150 3037 primus
1173 2962 1254 3023 erit:
1273 2963 1323 3024 sie
1340 2963 1387 3023 dli
1404 2962 1550 3024 voluere.
1570 2961 1678 3024 Bullio
1696 2963 1885 3024 contemtim

669 3079 803 3155 pellitur
825 3078 858 3137 in
881 3075 1057 3152 suburam,
1083 3075 1249 3137 isiclarius
1270 3075 1369 3136 rebus
1391 3076 1597 3151 praeerit...

713 3193 848 3265 Iamque
871 3190 1081 3251 intercedunt
1104 3191 1253 3250 numina.
1278 3191 1448 3251 Fertorem
1472 3190 1581 3267 illurn,
1606 3191 1661 3264 oui
1686 3191 1801 3252 cultris
1821 3190 1889 3250 suis

667 3310 701 3368 et
720 3305 854 3367 caudice
874 3303 998 3363 relictis
1017 3303 1056 3362 ad
1077 3303 1193 3378 Populi
1209 3318 1262 3363 res
1280 3303 1561 3364 administrandas
1577 3305 1731 3380 accessit,
1753 3305 1888 3380 egregiis

665 3421 785 3481 ornant
815 3417 938 3478 mentis
969 3416 1157 3491 ingeniique
1188 3415 1336 3492 dotibus,
1368 3419 1405 3477 ut
1436 3432 1522 3478 novo
1553 3417 1658 3478 officio
1682 3418 1765 3479 bene
1786 3417 1887 3494 possit

665 3531 832 3608 perrungi;
864 3530 977 3603 itaque
1007 3545 1049 3590 ex
1079 3528 1271 3590 tenebrione
1301 3530 1523 3592 incultissimo
1555 3531 1710 3605 vitiisque
1740 3533 1887 3607 cooperto

664 3645 701 3705 fit
733 3646 782 3705 vir
815 3643 937 3719 probus
971 3643 1117 3718 prudens
1149 3646 1315 3704 strenuus.
1351 3643 1463 3717 Neque
1497 3643 1611 3706 minus
1644 3644 1821 3706 benevolos
1852 3658 1887 3704 se

664 3759 835 3835 praestant
865 3757 909 3817 dii
941 3770 1018 3830 erga
1047 3757 1158 3831 ipsum
1190 3754 1368 3832 Populum,
1400 3757 1456 3830 qui
1487 3759 1696 3834 recuperato,
1725 3772 1788 3831 quo
1810 3756 1885 3817 olim

661 3871 812 3946 florebat,
837 3871 962 3931 mentis
987 3869 1100 3944 vigore
1124 3871 1227 3942 atque
1250 3870 1418 3945 acumine,
1444 3871 1478 3930 et
1499 3885 1516 3930 e
1536 3884 1616 3931 sene
1633 3871 1765 3932 iuvenis
1783 3871 1888 3932 iactus
1973 3930 1974 3933 ,

660 3987 779 4061 denuo,
804 3985 837 4043 in
861 3982 993 4044 tabulae
1017 3982 1110 4043 exitu
1134 3987 1288 4043 renatum
1313 3983 1486 4044 saeculum
1509 3998 1648 4045 aureum
1671 3983 1887 4046 faustissimis

662 4098 827 4162 ominibus
858 4096 1059 4173 auspicatur,
1088 4096 1328 4157 comitantibus
1357 4111 1444 4157 novo
1471 4097 1615 4158 atrienee
1646 4100 1680 4158 et
1709 4098 1885 4173 equitibus,

662 4215 823 4275 bonerum
841 4210 987 4270 virorum
1003 4209 1219 4285 principibus,
1242 4211 1298 4284 qui
1312 4210 1431 4271 sartori
1447 4225 1523 4270 cum
1536 4210 1687 4272 Bullione
1700 4207 1887 4273 colluctanti

662 4327 786 4389 viribus
808 4321 1045 4386 intentissimis
1069 4325 1103 4383 et
1126 4339 1169 4384 ex
1192 4323 1297 4384 animi
1320 4325 1489 4385 sententia
1510 4327 1591 4386 sunt
1612 4325 1776 4402 opitulati.

1236 4600 1306 4661 VH.

707 4765 830 4855 aare
859 4778 1006 4839 fabulam
1036 4793 1095 4839 suo
1131 4780 1264 4840 nomine
1299 4779 1368 4854 regi
1397 4777 1583 4840 sacrificulo
1613 4779 1734 4841 obtulit
1761 4780 1886 4841 Aristo·

661 4897 800 4972 phanes,
820 4895 952 4968 quaein
970 4893 1158 4968 proximum
1177 4895 1380 4954 lienaeorum
1399 4895 1566 4954 certamen
1582 4893 1750 4954 scenicum
1767 4889 1885 4952 admit·

660 5014 795 5072 teretur.
819 5010 963 5085 Recepta
985 5013 1053 5083 est,
1073 5023 1188 5069 mense
1207 5007 1383 5068 Februario
1402 5009 1467 5068 424
1488 5011 1577 5085 acta,
1597 5007 1704 5082 primo
1722 5002 1885 5082 praemio,
