4375 6284
650 953 694 1013 58
1168 968 1211 1014 nr
1232 967 1357 1016 romu

650 1140 739 1200 sium
769 1139 848 1201 urbs
878 1147 967 1203 esset
997 1143 1077 1220 sita,
1109 1141 1209 1203 rideri
1239 1157 1275 1202 se
1298 1143 1391 1202 ratus
1416 1141 1521 1217 ¹,ohe”
1545 1140 1725 1202 clamabat:
1753 1156 1863 1217 ,apage

650 1257 770 1328 nugas!
796 1255 877 1316 Istic
899 1255 928 1315 si
952 1259 1033 1316 suut
1051 1256 1217 1331 Athenae,
1243 1254 1356 1329 quidni
1379 1254 1474 1315 video
1497 1254 1623 1316 iudices
1645 1249 1838 1315 sedentes?’'

694 1366 820 1442 Nempe
853 1368 1015 1430 iudicibus
1050 1369 1163 1430 orbam
1195 1383 1271 1429 curn
1302 1368 1420 1429 urbem
1451 1383 1548 1428 suam
1578 1366 1701 1444 tingere
1723 1367 1787 1428 sibi
1809 1383 1863 1427 non
1958 1422 1959 1425 ,

649 1483 763 1557 posset
785 1481 1004 1560 Strepsiades,
1029 1479 1138 1544 tilium
1162 1482 1347 1543 iniustitiae
1370 1481 1560 1543 consultum
1582 1479 1654 1542 fleri
1676 1481 1787 1542 iussit.

695 1593 906 1655 Pullulabant
929 1595 986 1656 illo
1009 1598 1159 1671 tempore
1182 1595 1325 1656 Athenis
1343 1595 1469 1656 iudices
1488 1597 1522 1656 et
1541 1608 1716 1656 causarum
1735 1594 1864 1669 patroni.

651 1709 737 1769 Ante
767 1722 889 1782 paucos
919 1711 1030 1771 autem
1054 1723 1161 1770 annos
1183 1707 1303 1770 cleope
1325 1711 1461 1769 auctore
1483 1707 1649 1784 perlatum
1672 1710 1745 1769 erat
1766 1705 1867 1783 populi

651 1821 787 1898 scitum,
812 1825 850 1884 ut
873 1822 998 1884 iudices
1021 1822 1164 1898 singulis
1186 1821 1302 1883 dicbus
1323 1837 1389 1882 non
1413 1835 1515 1882 unum
1539 1819 1687 1896 obolum,
1707 1823 1745 1882 ut
1762 1823 1864 1892 antea,

649 1935 708 1996 sed
732 1935 909 1997 triobolum
929 1939 1108 2000 mererent.
1132 1935 1292 2011 Quaeres
1311 1934 1429 1996 multis
1449 1934 1577 1995 civibus
1594 1935 1763 2012 proderat,
1785 1949 1867 2010 prae·

650 2050 767 2109 sertim
790 2050 845 2122 qui
868 2050 977 2111 aetate
1001 2053 1117 2111 essent
1139 2050 1353 2126 provectiore.
1384 2048 1478 2109 llultl
1501 2049 1591 2109 enirn
1613 2049 1695 2108 tunc
1717 2048 1868 2124 temporis

651 2163 685 2222 in
716 2163 795 2225 urbe
826 2164 989 2238 degebant
1020 2165 1087 2225 otio
1118 2179 1218 2240 quarn
1249 2163 1389 2239 pecunia
1420 2162 1529 2237 magis
1551 2161 1741 2237 affluentes,
1765 2163 1821 2235 qui
1839 2160 1868 2219 in

650 2278 746 2338 tanta
767 2292 879 2338 rerum
903 2277 1160 2352 promercalium
1186 2277 1323 2338 caritate
1347 2275 1532 2350 quamlibet
1554 2274 1763 2336 occasionem
1784 2287 1869 2334 num·

651 2405 782 2451 morum
813 2391 936 2466 aliquid
967 2392 1109 2452 honesta
1139 2392 1267 2451 ratione
1297 2389 1502 2466 adipiscendi
1532 2387 1728 2450 avidissime
1751 2388 1870 2465 appete

652 2502 740 2564 bant.
760 2504 880 2579 Inopes
899 2505 1000 2580 igitur
1020 2519 1119 2566 senas
1137 2503 1295 2581 permulti
1317 2503 1457 2563 libenter
1479 2517 1517 2564 se
1539 2501 1703 2562 sistebant
1720 2500 1764 2561 ad
1783 2498 1869 2561 sorti·

650 2617 777 2678 tionem
808 2618 969 2696 iudicum,
1002 2621 1035 2679 et
1059 2617 1284 2693 compluribus
1306 2614 1457 2677 millibus
1479 2615 1655 2676 hominum
1679 2614 1759 2675 binc
1780 2611 1873 2673 flebat

651 2731 746 2807 panis
777 2731 1000 2803 quotidianus.
1032 2730 1093 2792 Vel
1122 2730 1170 2791 sic
1201 2733 1314 2790 autem
1346 2729 1447 2790 nimis
1469 2728 1614 2802 exiguus
1637 2729 1709 2788 erat
1731 2727 1870 2788 iudicum

650 2859 824 2920 numeruS,
845 2845 963 2918 ingens
983 2845 1070 2904 enim
1091 2844 1185 2919 copia
1203 2843 1314 2904 litium
1333 2845 1405 2903 erat
1424 2841 1623 2917 dirimenda,
1641 2855 1717 2901 cum
1733 2853 1871 2917 praeser-

650 2959 712 3018 tim
731 2958 875 3033 undique
894 2959 929 3018 in
948 2957 1064 3019 urbem
1083 2959 1299 3020 convenirent
1317 2957 1399 3019 socii
1418 2957 1459 3018 ad
1479 2971 1599 3017 causas
1619 2955 1782 3029 orandas;
1799 2967 1872 3014 nam

651 3071 691 3132 de
714 3071 831 3131 horum
856 3087 983 3146 quoque
1006 3071 1121 3133 litibus
1143 3071 1284 3148 publicis
1305 3073 1358 3131 ius
1381 3068 1552 3132 dicebatur
1574 3069 1726 3130 Athenis.

696 3184 823 3245 Siccine
854 3187 1006 3246 mutatae
1036 3185 1206 3246 Athenaei
1234 3185 1417 3244 Ludicranc
1446 3184 1557 3258 magis
1587 3197 1641 3243 res
1671 3197 1715 3242 an
1746 3179 1874 3243 tristis?

651 3297 854 3358 Rabularum
888 3295 1028 3358 artificia
1062 3297 1260 3358 diudicando
1293 3297 1604 3358 Marathonomaclri
1638 3295 1782 3356 triobola
1809 3295 1874 3354 iam

651 3414 781 3472 merent
804 3411 933 3475 diurna.
959 3411 1119 3488 Quicquid
1143 3412 1243 3472 etiam
1268 3413 1422 3486 superest
1444 3425 1487 3471 ex
1509 3409 1682 3485 splendido
1705 3409 1765 3470 illo
1785 3420 1875 3480 aevo,

651 3541 714 3599 quo
737 3525 863 3586 Graeca
885 3539 968 3599 gens
998 3525 1171 3599 sanguinis
1194 3525 1392 3597 animaeque
1415 3523 1554 3600 prodiga
1577 3522 1728 3584 barbaris
1752 3520 1877 3601 propul-

651 3639 735 3698 satis
770 3637 936 3698 libertatis
971 3637 1189 3698 fundameuta
1223 3638 1301 3698 iecit
1334 3635 1542 3714 firmissima,
1578 3636 1765 3698 nummulis
1793 3649 1879 3697 nunc

650 3752 769 3828 inhiat,
806 3765 912 3826 neque
946 3752 1122 3826 quicquam
1157 3752 1327 3824 antiquius
1361 3750 1486 3812 habent
1519 3751 1673 3812 homines
1701 3748 1878 3825 grandaevi

651 3881 750 3940 quam
784 3870 821 3928 ut
850 3866 991 3927 sedeant
1021 3866 1157 3928 iudices.
1188 3867 1251 3926 Pro
1281 3865 1348 3927 telo
1379 3865 1445 3926 iam
1477 3866 1531 3926 est
1557 3865 1771 3942 suffragium,
1794 3860 1880 3938 quod

651 3995 725 4039 cum
761 3979 873 4054 digitis
908 3980 1025 4039 tenent
1059 3979 1231 4054 tremulis,
1271 3979 1373 4039 nullis
1415 3977 1612 4039 mortalibus
1645 3977 1782 4039 secundi
1817 3975 1880 4038 sibi

652 4093 816 4169 videntur,
849 4093 969 4168 quippe
993 4094 1198 4154 sententiam
1221 4094 1330 4168 prouti
1353 4092 1498 4154 lubitum
1529 4092 1630 4153 tuerit
1652 4090 1753 4152 laturi
1774 4104 1881 4164 neque

653 4207 800 4268 rationes
831 4207 993 4267 reddituri
1017 4207 1183 4280 cuiquam.
1207 4207 1266 4266 Vir
1289 4210 1401 4267 autern
1426 4205 1644 4267 nobiliacum
1667 4204 1882 4266 iniudicium

654 4323 792 4380 vocatus
826 4320 967 4396 supplex
1003 4335 1061 4382 eos
1096 4321 1167 4381 adit
1201 4335 1404 4394 manumque
1433 4321 1475 4380 iis
1505 4318 1642 4395 praebet
1674 4318 1781 4395 illam,
1818 4331 1884 4392 qua

652 4449 770 4494 aurum
815 4449 858 4494 ex
891 4436 1020 4496 aerario
1062 4434 1193 4510 publico
1230 4450 1335 4510 nuper
1369 4435 1540 4509 surripuit,
1575 4432 1694 4509 gaudio
1727 4431 1885 4507 panditur
1963 4420 1964 4467 ι

655 4550 770 4621 pectus
802 4546 959 4609 anhelum
992 4551 1025 4609 et
1056 4548 1214 4610 Graeciae
1245 4550 1397 4611 dominos
1420 4565 1457 4611 se
1479 4551 1513 4611 in
1537 4550 1694 4612 concione
1716 4548 1757 4610 ab
1778 4546 1885 4607 orato·

654 4662 746 4721 ribus
781 4675 847 4721 non
881 4661 1006 4722 trustra
1041 4663 1221 4724 identidem
1257 4664 1368 4725 vocari
1402 4664 1504 4739 probe
1540 4665 1756 4726 sentiunt...
1774 4663 1888 4724 denuo
1963 4644 1964 4649 ¹

654 4774 810 4834 nimirum
844 4776 936 4849 pueri
967 4775 1049 4836 facti
1080 4791 1179 4837 senes
1208 4777 1380 4854 decrepiti,
1412 4777 1531 4852 quibus
1561 4782 1659 4839 nocte
1683 4778 1889 4852 intempesta

653 4888 856 4962 surgendum
882 4891 936 4949 est
957 4889 1117 4966 quotidie,
1142 4890 1324 4966 poplitibus
1350 4892 1466 4967 rigidis
1488 4893 1596 4952 iorum
1621 4892 1750 4953 citatim
1774 4895 1890 4966 peten-

654 5000 749 5076 dum,
784 5004 822 5061 ut
853 5005 942 5063 sorte
976 5018 1051 5064 cum
1079 5004 1243 5066 ducantur
1273 5005 1411 5067 nomina
1439 5006 1599 5081 iudicum,
1623 5006 1712 5066 iusto
1734 5008 1889 5079 tempore
