4375 6284
1149 902 1191 945 DE
1214 901 1339 946 susm

1217 1229 1275 1291 111.

673 1407 803 1482 Ingenii
823 1407 1001 1482 primitiae,
1022 1406 1143 1482 quibus
1162 1407 1403 1482 Aristophanes
1427 1405 1594 1479 Δαιταλέας
1613 1407 1701 1468 dedit
1721 1423 1857 1482 nomen,

631 1520 844 1594 magistratui
873 1520 1003 1581 oblatae
1033 1521 1244 1594 placuerunt;
1275 1522 1408 1595 pectore
1438 1535 1597 1594 300οτ000
1623 1536 1707 1594 quae
1729 1521 1858 1582 fuderat

631 1633 761 1694 iuvenis
791 1633 917 1708 patriae
947 1634 1220 1709 amantissimus,
1250 1649 1349 1695 suum
1380 1634 1444 1694 sibi
1472 1633 1581 1695 locum
1604 1637 1807 1696 invenerunt
1828 1636 1858 1697 in

631 1747 745 1807 animo
776 1746 974 1822 logentium,
1007 1750 1040 1808 et
1070 1762 1271 1822 magnopere
1301 1749 1336 1807 hi
1359 1748 1515 1810 delectati
1538 1752 1618 1809 sunt
1640 1749 1859 1825 oppositione,

631 1875 716 1933 quae
739 1864 809 1920 erat
832 1861 920 1920 inter
942 1861 1170 1937 sophistarum
1194 1860 1369 1922 alumnum
1391 1863 1620 1938 impudentem
1645 1866 1680 1923 et
1696 1863 1860 1924 rusticum

632 1974 826 2048 honesturh,
861 1989 958 2048 quem
994 1975 1065 2035 vita
1103 1975 1247 2050 simplex
1286 1990 1400 2036 amore
1439 1977 1623 2052 priscorum
1662 1991 1795 2037 morum
1831 1977 1860 2034 et

631 2088 862 2148 institutorum
881 2088 1012 2148 imbuit.
1033 2089 1149 2162 Itaque
1168 2092 1302 2164 recepta
1321 2092 1374 2150 est
1391 2089 1519 2165 fabula,
1539 2104 1623 2164 quae
1640 2106 1716 2150 cum
1733 2090 1861 2150 duabus

633 2200 708 2260 aliis
739 2200 869 2276 publice
900 2207 1057 2277 ageretur
1088 2203 1175 2263 ludis
1204 2204 1382 2278 proximis,
1409 2204 1482 2264 sive
1507 2203 1671 2265 Liberalia
1693 2219 1733 2264 ea
1755 2203 1861 2276 fuere,

633 2315 722 2390 sivo,
746 2316 832 2389 quod
853 2331 932 2376 vero
955 2316 1115 2390 similius,
1139 2316 1279 2377 Lenaea
1299 2316 1399 2377 Venit
1422 2317 1492 2377 dies
1514 2317 1702 2393 sollemnis,
1727 2321 1762 2377 et
1780 2331 1863 2392 opus

633 2431 750 2502 poetae
770 2428 960 2489 tiroeinium
980 2428 1136 2504 ponentis
1154 2429 1338 2489 secuudum
1358 2431 1544 2504 praemium
1562 2429 1652 2490 tulit.
1671 2430 1865 2490 Laudarunt

633 2545 839 2615 spectatores
870 2557 954 2615 quae
985 2541 1163 2602 laudarent
1192 2541 1292 2616 primi
1317 2542 1479 2617 legentes.
1502 2543 1642 2603 Laetum
1667 2543 1729 2604 hoc
1751 2543 1864 2603 famae

634 2655 788 2729 perennis
812 2655 945 2716 initium
969 2656 1092 2716 meruit
1115 2655 1179 2715 viri
1200 2655 1464 2730 ingeniosissimi
1486 2657 1613 2731 primus
1636 2659 1789 2717 conatus.

680 2768 859 2828 Strenuum
883 2770 1013 2828 socium
1033 2769 1150 2828 statim
1175 2770 1385 2842 agnoverunt
1407 2769 1464 2843 qui
1486 2771 1595 2845 prisea
1617 2769 1760 2829 Athenis
1782 2768 1864 2830 obti-

635 2881 772 2956 nebant,
809 2885 843 2942 et
877 2883 1028 2956 agnitum
1063 2881 1195 2942 saluere
1230 2883 1414 2953 iusserunt,
1449 2883 1483 2943 in
1513 2898 1593 2942 suos
1622 2883 1756 2944 ordines
1785 2897 1864 2943 eum
1976 2866 1977 2937 ἶ

634 2993 779 3069 recipere
815 3009 913 3068 quam
953 2996 1102 3055 maxime
1136 2997 1320 3070 cupientes.
1353 2995 1426 3056 Non
1465 2996 1502 3056 ut
1538 2995 1612 3055 aevi
1645 2995 1865 3071 praeterlapsi

634 3107 749 3168 laudes
779 3110 913 3167 caneret
935 3108 1067 3167 steriles
1090 3109 1374 3182 magistrorumve
1397 3109 1579 3169 recentium
1603 3107 1747 3182 ineptias
1768 3108 1866 3168 casti·

633 3224 726 3296 garet
749 3225 819 3282 tam
844 3221 939 3281 ferax
961 3222 1133 3294 ingenium
1157 3235 1244 3281 novo
1267 3221 1343 3281 huic
1366 3223 1483 3296 poetae
1505 3236 1579 3282 esse
1602 3221 1735 3282 datum:
1758 3222 1866 3282 inten-

634 3335 726 3394 deret
756 3334 906 3394 animum
938 3334 971 3392 in
1002 3347 1041 3393 ea
1071 3348 1155 3406 quae
1184 3335 1322 3395 maioris
1352 3334 1522 3408 aliquanto
1545 3339 1659 3397 essent
1681 3335 1865 3396 momenti!

636 3447 794 3508 Viventes
825 3447 1037 3521 vigentesque
1071 3447 1295 3523 adversarios,
1327 3463 1392 3509 non
1423 3445 1518 3508 fictas
1548 3447 1677 3521 aliquas
1711 3446 1866 3523 umbras,

634 3561 834 3620 adoriretur!
860 3559 931 3621 Non
957 3560 1012 3620 diu
1035 3561 1092 3619 aut
1114 3561 1228 3635 procul
1251 3561 1457 3634 quaerendos
1479 3575 1555 3621 esse
1574 3576 1657 3635 quos
1674 3560 1867 3621 invaderet:

635 3675 806 3749 proximos
836 3673 870 3732 in
900 3673 973 3748 ipsa
1002 3674 1139 3734 civitate
1169 3674 1287 3734 adesse
1313 3674 1616 3749 perniciosissimos
1645 3674 1799 3734 homines
1832 3677 1866 3733 et

636 3787 753 3861 quovis
787 3787 862 3847 odio
896 3786 1023 3861 dignos.
1057 3787 1269 3848 Facetiarum
1303 3786 1370 3848 tela
1402 3787 1555 3848 aculeata
1588 3789 1796 3849 converteret
1830 3788 1865 3847 in

637 3901 761 3961 civium
781 3901 911 3974 partem
931 3899 1137 3976 popularem,
1158 3915 1241 3973 quae
1260 3901 1343 3961 duee
1362 3900 1543 3962 venerabili
1562 3906 1640 3962 ante
1658 3902 1743 3962 duos
1759 3917 1867 3962 annos

636 4013 753 4074 orbata
774 4012 905 4073 facilius
927 4014 995 4073 iam
1020 4013 1108 4073 vinci
1131 4027 1229 4089 posse
1252 4013 1425 4074 videbatur
1448 4030 1547 4088 quam
1572 4018 1681 4075 antea.

680 4128 749 4188 Non
780 4126 870 4187 enim
900 4126 967 4186 lam
998 4127 1085 4187 inter
1116 4127 1212 4187 vivos
1242 4131 1314 4188 erat
1342 4127 1498 4201 Pericles,
1523 4129 1674 4202 quirem
1698 4127 1866 4204 publicam
1976 4102 1977 4117 ¹

635 4244 774 4315 regeret.
807 4240 896 4315 Quod
920 4242 1152 4301 maturaverat
1178 4239 1316 4316 bellum,
1340 4241 1417 4314 quia
1439 4240 1578 4301 dilatum
1603 4241 1740 4315 gravius
1763 4242 1867 4302 etiam

635 4355 746 4416 obfore
776 4355 1072 4429 persuasissimum
1103 4352 1258 4429 habebat,
1291 4355 1323 4414 id
1353 4355 1475 4429 eripuit
1498 4356 1527 4414 ei
1551 4354 1676 4415 civium
1699 4355 1865 4427 favorem,

633 4483 697 4543 quo
729 4483 793 4529 uno
824 4467 992 4529 nitebatur
1019 4468 1091 4528 eius
1117 4471 1277 4543 potestas.
1306 4468 1502 4542 Magistratu
1526 4471 1579 4528 est
1600 4467 1733 4544 pulsus:
1758 4466 1869 4528 multa

634 4583 664 4642 oi
696 4585 748 4643 est
779 4583 880 4659 dicta,
912 4581 953 4642 ob
984 4581 1132 4642 rationes
1157 4584 1368 4657 acceptorum
1392 4584 1426 4642 et
1448 4596 1667 4656 expensorum
1692 4595 1758 4642 non
1781 4581 1871 4642 satis

634 4699 786 4757 accurate
820 4695 946 4756 scilicet
974 4695 1137 4756 redditas:
1172 4695 1255 4756 talia
1289 4696 1323 4756 in
1357 4694 1414 4756 illo
1444 4696 1527 4771 viro,
1563 4695 1618 4770 qui
1651 4708 1709 4770 per
1739 4695 1868 4755 multos

635 4825 740 4870 annos
769 4811 899 4871 civitati
930 4810 1132 4886 praefuerat,
1159 4810 1264 4871 animi
1287 4811 1409 4884 ingrati
1433 4810 1626 4871 testimonia
1648 4810 1745 4870 edere
1768 4809 1867 4868 susti-

634 4929 777 4984 nuerunt
795 4923 1017 4986 Athenienses
1036 4924 1085 4983 ira
1104 4923 1245 5000 abrepti,
1267 4926 1301 4984 et
1315 4938 1394 4984 sene
1410 4927 1480 4984 tam
1492 4923 1711 4998 ignominiose
1722 4925 1868 4983 hacmto
