4375 6284
1172 936 1214 980 DE
1238 934 1366 981 uhtaus.

835 1109 1000 1189 εὐδρόσους
1021 1117 1077 1189 γῆς
1101 1107 1212 1181 τόπους
1235 1106 1310 1187 ἔχετε
1332 1107 1464 1185 λειμῶνά
1485 1102 1510 1167 τ’
1536 1104 1657 1185 ἐρόεντα
1679 1102 1737 1165 ati.

954 1248 1039 1284 zui..
1061 1246 1147 1283 roh.
1172 1244 1274 1283 oost-
1297 1228 1401 1283 [[υυυ
1423 1249 1466 1281 ,ω
1489 1218 1547 1281 κτὲ.
1565 1216 1598 1291 ι).

702 1336 867 1399 Numeros
899 1344 1004 1415 Qu
1037 1341 1072 1400 et
1105 1360 1209 1414 Qut..
1242 1336 1367 1398 ccciccc
1402 1350 1561 1397 vocamus
1594 1334 1727 1396 nomine
1750 1332 1876 1410 abipso

658 1453 787 1513 comico
817 1451 963 1513 indicato
978 1447 1012 1522 Ι).
1044 1452 1149 1527 Saepe
1179 1452 1292 1513 cretici
1320 1451 1354 1511 in
1384 1450 1560 1513 trochaeos
1589 1448 1737 1523 integros
1766 1446 1877 1507 abeunt

661 1569 721 1627 aut
744 1582 788 1628 ex
811 1566 854 1627 ils
876 1568 1090 1642 procrescunt
1105 1559 1139 1635 ⁸).

1074 1825 1096 1898 fl
1118 1819 1153 1881 8.
1175 1820 1229 1882 De
1250 1820 1476 1896 anapaestis.

705 2016 886 2093 Anapaesti
908 2016 1043 2077 dimetri
1065 2016 1100 2077 in
1123 2016 1306 2092 comoedia,
1330 2018 1368 2077 ut
1387 2015 1422 2075 in
1440 2014 1623 2091 tragoedia,
1643 2016 1725 2076 sunt
1742 2014 1880 2088 hequen·

659 2133 723 2191 tes.
753 2129 939 2191 acatalecti
971 2128 1095 2203 aliquot
1122 2130 1156 2191 in
1187 2132 1339 2204 systema
1367 2129 1476 2190 solent
1505 2129 1660 2202 coniungi
1672 2120 1706 2205 ⁴),
1730 2126 1882 2189 comixtio
1973 2209 1974 2225 χ

659 2258 759 2319 saepe
777 2258 843 2305 uno
862 2242 1053 2318 pluribusve
1071 2242 1306 2319 monometrls,
1320 2242 1427 2305 claudi
1439 2246 1552 2305 autem
1565 2242 1731 2305 eiusmodi
1741 2244 1882 2317 system

660 2357 748 2418 solet
769 2356 913 2418 dimetro
936 2357 1130 2420 catalectico
1152 2358 1224 2418 sive
1242 2357 1459 2433 paroemiam,
1483 2357 1532 2417 sic
1554 2357 1639 2419 iere:

697 2861 831 2961 'proprii
849 2888 962 2946 autem
981 2885 1185 2961 comoediae,
1209 2886 1247 2946 ut
1268 2885 1455 2946 tetrametrl
1477 2883 1593 2961 iambi,
1617 2889 1697 2946 sunt
1720 2886 1884 2961 anapaesti
1975 2868 1976 2877 ¹

660 2999 848 3060 tetrametri
871 2999 943 3059 sive
965 2998 1172 3074 singulorum
1195 2998 1412 3059 dimetrorum
1431 2997 1690 3060 acatalectorum
1709 3014 1785 3061 curn
1805 3002 1885 3061 cata·

660 3113 788 3174 lecticis
810 3113 973 3174 iunctura.
998 3112 1087 3189 Quod
1109 3114 1254 3173 metrum
1278 3128 1298 3173 a
1319 3114 1489 3189 tragoedia
1512 3113 1658 3174 alienum
1682 3128 1757 3174 esse
1780 3114 1886 3189 ipsum

661 3227 734 3288 eius
766 3241 950 3301 cognomen
980 3227 1116 3302 indicat,
1149 3241 1227 3288 nam
1258 3242 1278 3286 a
1305 3227 1535 3301 grammaticis
1558 3228 1669 3289 vocari
1697 3228 1785 3290 solet
1818 3228 1887 3287 Ari·

660 3342 877 3417 atophcmm.
912 3340 984 3401 Non
1019 3355 1084 3415 quo
1119 3342 1299 3416 reppererit
1333 3340 1365 3401 iu
1397 3340 1651 3418 Aristophanes,
1683 3345 1763 3402 ante
1793 3356 1888 3416 quem

662 3450 939 3532 Epicharmumb
962 3459 995 3517 et
1019 3454 1190 3517 cratinum
1214 3471 1253 3517 eo
1280 3470 1359 3518 usos
1383 3456 1484 3517 refert
1502 3456 1720 3532 Hephaestio;
1738 3458 1797 3519 sed
1814 3455 1891 3517 aliis

661 3573 695 3632 et
725 3570 930 3645 frequentius
959 3568 1110 3629 adhibuit
1138 3573 1173 3630 et
1203 3568 1343 3631 felicius.
1371 3570 1589 3631 Tetrametris
1610 3572 1744 3632 dimetri
1767 3570 1894 3644 aliquot

662 3683 818 3758 subiungi
842 3683 961 3745 solent.

706 3797 816 3858 Pausa
846 3801 924 3873 post
946 3796 1112 3872 dipodiam
1136 3796 1314 3857 secundam
1339 3798 1374 3857 hi
1398 3798 1587 3858 tetrametri
1609 3797 1796 3859 necessario
1817 3797 1898 3859 diri·

661 3903 845 3987 muntur‘i,
869 3912 1027 3985 quoniam
1051 3924 1168 3970 revera
1190 3912 1268 3969 sunt
1292 3908 1502 3971 bimembres.

705 4023 815 4084 Etiam
851 4026 927 4099 poet
961 4022 1129 4099 oipouiam
1164 4021 1324 4084 initialem
1360 4036 1435 4083 esse
1470 4023 1557 4084 solet
1590 4037 1708 4101 pausa,
1739 4040 1796 4101 pro
1829 4040 1900 4101 qua

695 4293 715 4357 ¹)
733 4296 780 4343 hv.
798 4296 855 4343 ilo.
872 4294 1023 4343 Cninmdi
1037 4308 1206 4345 numerorum
1220 4294 1323 4356 insigne
1337 4296 1487 4357 exemplum
1501 4297 1613 4357 praebet
1624 4297 1746 4359 aeschyli
1759 4298 1785 4345 ln
1794 4296 1905 4345 Bue-

660 4375 767 4425 nidibus
784 4377 916 4424 anticum
933 4379 982 4432 (vs.
1000 4377 1329 4433 cao-881=aot—tto‚
1346 4376 1680 4435 ooo-aot=aoo-tl1).

694 4451 716 4519 ¹)
734 4455 774 4504 Oi.
792 4456 857 4503 Bau.
878 4456 944 4503 ltbb
963 4468 1020 4515 sqq.

692 4532 716 4599 ³)
731 4532 772 4582 ci.
797 4538 952 4596 praesertim
978 4536 1127 4595 apirrhema
1152 4538 1179 4581 et
1204 4535 1406 4596 antepositam,
1429 4534 1524 4594 quibua
1545 4532 1693 4595 legitimum
1717 4538 1757 4582 est
1777 4538 1907 4583 nebu

661 4612 831 4671 trochaicum,
848 4616 875 4661 in
890 4616 1002 4663 creticos
1019 4626 1144 4661 numeros
1157 4615 1297 4662 maximam
1315 4618 1417 4674 partem
1433 4616 1536 4661 mutata
1552 4614 1629 4674 vesp.
1649 4614 1715 4662 itit
1733 4626 1788 4673 sqq.

695 4691 719 4755 ‘l
735 4693 833 4753 lugens
849 4698 966 4753 systema
984 4691 1147 4741 amabiensi
1164 4691 1276 4741 oratoria
1294 4707 1353 4742 cnm
1370 4694 1469 4741 iniusto
1486 4691 1623 4741 altercatio
1638 4692 1707 4741 ttob.
1726 4695 1805 4741 889-
1818 4696 1887 4741 m.

693 4769 714 4829 ‘l
734 4772 772 4821 Oi
788 4770 940 4832 Epicharmi
957 4775 1132 4832 fragmentum
1151 4772 1221 4833 apud
1238 4773 1332 4820 Athen.
1353 4774 1431 4821 18³0.

693 4849 713 4905 ⁸)
732 4850 824 4899 Vitiosi
847 4856 918 4907 suut.
943 4852 989 4900 obi
1014 4852 1134 4911 neglecta
1161 4856 1202 4899 eat
1225 4865 1309 4911 pausa
1331 4852 1358 4899 iu
1380 4854 1453 4899 textu
1476 4850 1581 4907 tradito,
1603 4850 1667 4899 Aah
1691 4850 1837 4901 biblioth.
1858 4854 1911 4902 981

661 4930 740 4990 resp.
758 4932 807 4979 ⁶⁶8
825 4932 872 4979 hv.
891 4933 940 4979 bob
959 4931 1109 4979 Pharaoni.
1128 4932 1159 4979 ir.
1176 4926 1227 4978 π’,
1246 4932 1303 4979 Duo
1321 4928 1427 4978 dimeui
1444 4929 1593 4979 maturare
1602 4930 1680 4990 vesp.
1694 4931 1742 4979 'ibt
1756 4942 1801 4991 aq.
1826 4930 1913 4996 (eurr.

664 5010 819 5069 Hermann).
