4375 6284
693 974 759 1035 354
1131 990 1173 1034 us
1196 988 1303 1034 rsxnu
1326 988 1479 1035 susurro.

735 1164 864 1224 Similis
893 1178 983 1223 error
1006 1162 1222 1238 corrigendus
1253 1161 1384 1223 videtur
1415 1196 1456 1207 -
1489 1163 1629 1237 videtur,
1660 1162 1804 1237 inquam,
1827 1178 1891 1223 narn
1975 1148 1976 1171 ¹

691 1292 757 1339 nou
780 1278 877 1354 plane
899 1280 991 1339 certe
1013 1280 1067 1338 est
1087 1292 1142 1337 ree
1168 1309 1207 1320 -
1232 1276 1289 1350 sq.
1314 1276 1396 1336 435:

868 1387 953 1450 οὗτοι
975 1388 1017 1467 μὰ
1040 1389 1095 1467 τὴν
1121 1388 1265 1467 Δήμητρα
1288 1389 1482 1467 καταπροίξει
1503 1389 1634 1449 τάλαντα
1658 1370 1692 1449 ᾗ
1711 1387 1838 1461 (πέντε)

867 1502 981 1580 κλέψας
1006 1505 1187 1581 Ἀθηναίων.

689 1618 755 1679 Ubi
779 1619 861 1679 item
893 1618 1022 1677 τάλαντα
1051 1616 1176 1678 uniti
1207 1618 1240 1678 in
1272 1633 1390 1679 versus
1419 1616 1484 1679 fine
1515 1618 1676 1692 praebent
1696 1616 1819 1678 eodioes
1839 1610 1894 1679 V¹l

690 1737 725 1795 et
748 1733 777 1793 R
800 1735 835 1794 et
858 1733 970 1795 ceteri

936 2012 993 2087 19)
1014 2011 1068 2073 De
1090 2011 1238 2071 lacunis
1259 2010 1357 2071 male
1379 2010 1470 2071 olim
1491 2010 1668 2085 expletis.

732 2198 843 2259 Etiam
873 2196 1013 2259 lacunae
1037 2197 1200 2272 quaedam
1224 2196 1311 2257 male
1335 2196 1488 2271 expletae
1512 2200 1600 2258 sunt.
1623 2196 1798 2273 Quantivis
1818 2194 1901 2271 pretii

689 2311 919 2373 huiuscemodi
950 2326 1078 2371 errores
1100 2309 1336 2383 indagantibus
1360 2313 1412 2371 est
1434 2310 1532 2371 Pacis
1554 2325 1672 2371 versus
1695 2312 1773 2385 754,
1796 2310 1848 2383 qui
1867 2321 1902 2366 ex
1975 2308 1976 2319 ¹

687 2426 760 2500 ipso
794 2425 893 2500 poeta
927 2428 1038 2500 potest
1072 2424 1201 2498 corrigi.
1234 2422 1302 2499 Quo
1333 2421 1405 2483 loeo
1434 2438 1517 2499 quae
1547 2424 1713 2498 leguntur,
1750 2424 1846 2483 etiam
1875 2421 1901 2479 in

688 2536 807 2613 vespis
837 2539 968 2611 extant,
1000 2538 1130 2611 integre
1160 2532 1313 2606 autem¹l
1342 2538 1422 2598 sunt
1444 2552 1528 2612 quae
1549 2538 1583 2598 in
1609 2536 1730 2613 vespis
1752 2536 1904 2611 leguntur,

686 2650 887 2727 interpolata
909 2666 992 2726 quae
1015 2652 1048 2711 in
1072 2651 1167 2711 Peos.
1191 2650 1285 2712 Poeta
1303 2654 1405 2712 noster
1426 2684 1465 2694 -
1487 2651 1577 2712 oneri
1597 2651 1664 2712 dux
1683 2651 1734 2711 ait
1755 2682 1795 2695 -
1814 2651 1902 2709 artem

686 2780 782 2827 suum
804 2766 899 2826 altius
921 2766 1016 2825 ιοιτίι
1038 2769 1066 2825 et
1087 2780 1186 2825 ιιοσιιι
1209 2764 1358 2825 Heracleo

1309 2882 1387 2937 τοῖσι
1409 2877 1557 2956 μεγίστοις
1580 2874 1739 2955 ἐπεχείρει,

732 2990 841 3071 διαβὰς
864 2992 990 3069 βυρσῶν
1013 2986 1109 3068 ὀσμὰς
1134 2988 1236 3063 δεινὰς
1259 2989 1311 3050 καὶ
1334 2988 1457 3062 ἀπειλὰς
1480 2990 1756 3069 βορβοροθύμους,

731 3104 799 3165 καὶ
820 3114 976 3181 πρῶτον
1000 3101 1069 3181 μὲν
1092 3105 1267 3183 μάχομαι
1289 3103 1446 3165 πάντων
1469 3104 1549 3184 αὐτῷ
1570 3113 1609 3188 τῷ
1629 3104 1852 3183 καρχαρόδοντι
1869 3132 1900 3144 -

686 3221 763 3296 quid
798 3221 885 3281 hoo?
918 3220 974 3294 qui
1003 3217 1042 3279 nt
1072 3222 1110 3280 ut
1140 3220 1210 3294 ipse
1241 3222 1376 3294 repente
1404 3218 1648 3294 Aristophanes
1681 3232 1747 3279 suo
1782 3217 1900 3279 nomine

686 3334 787 3395 rerba
803 3334 912 3394 facere
931 3333 1107 3394 videatur?
1126 3332 1216 3409 Quod
1233 3332 1472 3407 respondeatur
1490 3332 1676 3407 vesparum
1697 3348 1802 3395 versu
1815 3328 1900 3409 parsl-

685 3450 748 3511 lelo
779 3449 927 3523 praeberi
956 3447 1127 3509 intellexit
1155 3448 1334 3510 Hamalrer.
1365 3447 1584 3523 interpolavit
1613 3462 1740 3510 manus
1762 3444 1905 3522 imperita

686 3565 829 3639 priorem
853 3577 971 3622 versus
993 3565 1138 3637 partem,
1164 3562 1312 3623 comicus
1331 3562 1466 3622 dederat
1484 3562 1517 3622 id
1535 3562 1622 3636 quod
1642 3562 1694 3622 eet
1713 3561 1818 3636 Vesp.
1837 3558 1858 3618 l.
1875 3555 1908 3615 l:
1975 3592 1976 3633 3

729 3673 908 3752 θρασέως
939 3674 1080 3747 ξυστὰς
1109 3674 1236 3747 εὐθὺς
1267 3670 1327 3734 ἀπ’
1355 3672 1476 3752 ἀρχῆς
1507 3674 1587 3757 αὐτῷ
1618 3684 1659 3756 τῷ
1682 3672 1906 3753 καρχαρόδοντι.

686 3792 748 3869 Qui
781 3804 871 3851 error
905 3790 1046 3850 aliorum
1080 3790 1144 3850 fuit
1178 3790 1292 3865 feram
1323 3804 1402 3851 nam
1434 3789 1541 3863 prime
1571 3802 1716 3864 persona
1748 3788 1850 3849 etiem
1878 3784 1905 3841 in
1975 3808 1976 3867 ρ

684 3906 863 3980 sequentes
891 3903 966 3964 dein
990 3917 1109 3964 versus
1138 3904 1271 3979 irrepsit
1294 3901 1494 3977 complures,
1520 3903 1576 3976 qui
1596 3900 1695 3962 facile
1720 3902 1907 3962 etiamnunc

684 4019 916 4082 econieetura
938 4019 1080 4092 possunt
1103 4018 1221 4091 corrigi
1243 4018 1320 4088 (759
1344 4020 1443 4092 sqql:

728 4140 868 4192 τοιοῦτον
891 4129 966 4191 ἰδὼν
989 4129 1075 4209 τέρας
1099 4130 1136 4191 οὐ
1160 4126 1320 4207 aotlind,
1343 4126 1402 4191 ἀλλ’
1430 4126 1504 4207 ὑπὲρ
1527 4128 1615 4207 ὑμῶν
1636 4132 1815 4209 πολεμίζων

728 4244 912 4323 ἀντεῖχον
934 4242 982 4304 ἀεὶ
1005 4242 1055 4303 nul
1077 4253 1137 4304 τῶν
1160 4242 1260 4305 ἄλλων
1282 4244 1394 4323 νήσων.
1418 4237 1461 4305 ὧν
1484 4244 1595 4305 οὕνεκα
1618 4242 1690 4305 νυνὶ

729 4357 957 4419 ἀποδοῦναί
984 4380 1049 4433 μοι
1081 4356 1136 4434 τὴν
1159 4359 1246 4436 χάριν
1269 4357 1348 4435 ὑμᾶς
1372 4357 1451 4430 εἰκὸς
1474 4357 1525 4418 καὶ
1547 4357 1710 4436 μνήμονας
1735 4352 1828 4419 εἶναι.

727 4471 853 4551 καὶγὰρ
874 4473 1018 4549 πρότερον
1037 4472 1154 4547 πράξας
1173 4472 1250 4531 κατὰ
1269 4482 1346 4533 νοῦν
1367 4471 1433 4549 οὐχὶ
1452 4473 1636 4549 παλαίστρας
1659 4477 1908 4549 περινοστῶν
1975 4500 1976 4571 ρ

727 4587 838 4658 παῖδας
862 4584 1043 4664 ἐπείρων,
1066 4580 1128 4645 ἀλλ’
1155 4585 1305 4665 ἀράμενος
1325 4583 1379 4663 τὴν
1400 4584 1513 4663 σκευὴν
1533 4584 1629 4657 εὐθὺς
1649 4584 1836 4663 ἰχῶρονν
1858 4578 1907 4641 ττὲ.

715 4820 737 4880 ¹)
754 4822 786 4869 ln
803 4821 823 4866 V
839 4821 918 4867 etism
935 4832 1029 4866 manus
1048 4822 1076 4867 1·
1092 4819 1166 4866 dedit
1181 4823 1285 4866 τάλαινα
1301 4824 1383 4875 πολλὰ,
1401 4819 1448 4885 sed
1465 4832 1522 4866 onor
1541 4818 1620 4866 latins
1635 4820 1704 4866 lineo
1723 4818 1810 4866 verba
1824 4828 1907 4865 erenr-

680 4905 777 4951 rlssent
800 4900 828 4947 in
852 4900 995 4957 marginem
1018 4899 1126 4946 sohollis
1149 4898 1318 4957 destinatum,
1340 4902 1470 4946 sonentur
1495 4912 1526 4946 ea
1546 4898 1654 4955 delerit,
1676 4898 1745 4947 dein
1773 4898 1910 4946 artiorilm

680 4984 824 5030 litteris-
842 4982 874 5027 nt
889 4979 952 5026 alibi
969 4979 1066 5039 passim
1085 5004 1115 5013 -
1138 4978 1230 5026 eadem
1248 4980 1361 5037 seripsit.
1975 4970 1976 5025 j

713 5061 736 5121 ¹)
753 5060 859 5110 littere
875 5073 945 5108 nuno
961 5060 1024 5106 lioet
1041 5071 1132 5106 verens
1150 5058 1227 5119 vesp.
1246 5060 1311 5107 1⁰85
1321 5059 1423 5106 =Pao
1442 5060 1490 5107 llis
1508 5057 1655 5105 verbanno
1672 5062 1753 5107 reete
1770 5060 1895 5109 ordinate.
