4375 6284
660 930 724 993 1oa
1173 941 1215 986 nn
1238 939 1363 986 nornen

658 1120 742 1180 Nam
766 1119 834 1179 veri
858 1116 1035 1179 solentiam
1057 1115 1114 1191 qul
1136 1115 1251 1195 habet,
1277 1148 1317 1160 -
1340 1129 1408 1178 non
1429 1113 1584 1190 lallacem
1603 1113 1750 1190 aliquam
1769 1113 1874 1176 dochi-

659 1247 738 1296 nam
758 1230 1059 1295 dubitationibueve
1078 1230 1272 1308 obnoxiam,
1291 1229 1349 1291 seh
1369 1231 1495 1292 certam
1515 1228 1691 1291 scientiam
1706 1231 1741 1290 et
1758 1228 1874 1290 ratione

660 1346 922 1425 comprobatam,
944 1346 1032 1406 —is
1049 1344 1151 1407 babet
1168 1346 1202 1406 et
1220 1343 1397 1407 virtutem:
1417 1343 1524 1422 bonus
1543 1346 1608 1420 est,
1628 1343 1706 1418 qma
1723 1342 1873 1420 prudens3

660 1463 767 1524 virtus
788 1464 902 1523 autem
925 1460 1022 1522 all‘ert
1043 1459 1236 1522 felicitatem
1258 1457 1361 1520 nullis
1384 1456 1514 1519 casibus
1536 1457 1725 1519 obnoxiam.

704 1575 795 1638 Haeo
823 1575 1016 1639 mortalium
1045 1575 1315 1652 sapientissimus
1341 1572 1512 1650 respondit
1533 1571 1678 1634 ielioites
1700 1571 1777 1647 qiud
1797 1573 1878 1633 esset

660 1688 913 1766 quaerentibue;
937 1703 1037 1764 quam
1059 1688 1261 1751 sententiam
1281 1685 1493 1750 confirmavit
1515 1689 1623 1749 morte
1642 1685 1770 1764 placide
1786 1685 1876 1747 obita.

659 1804 772 1866 Vitam
794 1802 949 1865 videlicet
977 1804 1068 1865 cives
1098 1803 1243 1865 adimere
1274 1803 1305 1865 el
1334 1805 1483 1879 potuere,
1507 1815 1573 1864 non
1595 1803 1732 1878 potuere
1754 1799 1876 1862 iehoita

661 1923 748 1995 tem;
771 1919 857 1981 hano
879 1919 914 1980 in
936 1918 1127 1996 sepulcrum
1149 1933 1264 1981 secum
1288 1919 1436 1981 abstulit.

706 2037 944 2113 Aristophanes
974 2049 1051 2097 oum
1081 2033 1318 2130 Plutumqsive
1348 2033 1560 2110 Opulentiam
1582 2034 1708 2097 iaceret
1729 2035 1876 2102 fabulam.

661 2152 876 2230 praeterierat
905 2150 1102 2213 decennium
1125 2152 1202 2227 post
1223 2149 1365 2212 cicutam
1389 2164 1410 2211 a
1432 2149 1567 2212 Socrate
1589 2151 1740 2214 interrita
1762 2155 1878 2229 potam,

661 2266 747 2342 quod
778 2267 866 2328 vitae
894 2265 967 2327 sine
996 2262 1071 2326 labe
1100 2268 1253 2341 peractae
1282 2265 1467 2342 praemium
1489 2264 1710 2342 praebuerunt
1730 2267 1760 2328 el
1782 2266 1878 2340 cives,

662 2395 750 2442 nnnc
779 2393 907 2455 quoque
936 2378 1011 2455 ipsa
1037 2377 1162 2454 pietate
1192 2379 1233 2440 ad
1255 2378 1365 2441 scelus
1386 2377 1527 2455 pellecti.
1550 2380 1613 2442 sed
1634 2395 1719 2454 quae
1740 2379 1879 2441 divinum

663 2493 743 2555 illud
766 2493 936 2569 ingenium
958 2491 1175 2570 cogitaverat,
1199 2507 1265 2555 non
1288 2507 1365 2554 oum
1387 2493 1459 2569 ipso
1482 2495 1578 2554 erant
1600 2493 1738 2570 sepulta.

707 2607 859 2669 mamae
888 2605 930 2668 ad
959 2605 1218 2682 Aristophanem
1249 2605 1372 2681 aliquid
1402 2620 1445 2666 ex
1467 2605 1509 2668 lis
1529 2608 1703 2682 pervenit?
1725 2607 1811 2669 Fieri
1831 2607 1880 2666 vix
1950 2683 1951 2696 ἵ

664 2722 772 2799 potuit
809 2721 889 2796 quin
929 2720 1127 2797 perveniret.
1161 2720 1245 2783 Nam
1280 2719 1392 2782 Nubes
1424 2719 1572 2783 tabulam
1606 2723 1782 2798 postquam
1814 2722 1881 2783 iecit

664 2837 762 2912 poeta
802 2835 966 2911 comicus,
1012 2834 1332 2912 „archisophietam”
1373 2833 1469 2896 illum
1510 2849 1529 2896 e
1570 2838 1747 2913 conspectu
1785 2836 1880 2898 denuc
1950 2885 1951 2890 ,

664 2950 818 3010 amisisse
845 2963 912 3010 non
942 2948 1082 3011 videtur.
1113 2947 1222 3010 littam
1253 2947 1416 3024 vigesimo
1446 2963 1534 3011 anno
1562 2953 1638 3026 post
1666 2951 1701 3011 in
1724 2950 1880 3012 Ranarum

665 3063 758 3124 exitu
782 3061 977 3123 contemtim
999 3060 1179 3123 admodum
1201 3061 1333 3124 locutus
1356 3065 1410 3124 est
1430 3062 1491 3139 „de
1510 3062 1786 3126 homuncionibus
1804 3063 1882 3136 istis,

664 3177 822 3250 quicum
853 3175 988 3237 Socrate
1017 3175 1192 3252 garriendo
1220 3178 1354 3252 tempus
1386 3177 1546 3254 tererent,
1578 3177 1739 3254 neglectis
1768 3179 1882 3252 tragoc

665 3290 738 3350 diae
768 3289 969 3367 principiis’',
1001 3322 1043 3334 -
1073 3288 1262 3365 Euripidem
1294 3289 1478 3367 despicatui
1508 3290 1651 3367 habens;
1681 3291 1883 3352 Feminarum
1950 3287 1951 3292 ’

665 3407 779 3464 autem
809 3402 989 3479 Imperium
1019 3402 1099 3465 iecit
1127 3403 1168 3465 de
1197 3404 1337 3465 materie
1365 3418 1386 3465 a
1415 3404 1550 3467 Soomte
1579 3419 1678 3481 saepe
1700 3407 1735 3467 et
1756 3404 1884 3466 libenter

666 3518 822 3591 tractata,
851 3531 913 3579 nec
942 3517 1079 3580 dubium
1110 3518 1189 3593 quin
1219 3518 1341 3580 nobilis
1362 3521 1559 3595 praesertim
1581 3518 1766 3596 philosophi
1786 3517 1885 3580 obitus

668 3645 745 3692 enm
773 3630 962 3693 adverterit.
993 3631 1057 3694 Sed
1086 3631 1270 3708 sapientiae
1300 3633 1430 3694 semina
1459 3647 1479 3693 a
1508 3632 1643 3695 Socrate
1672 3631 1766 3709 larga
1792 3643 1883 3692 manu

668 3745 753 3806 inter
781 3744 936 3819 aeqnmes
964 3759 1081 3822 sparsa
1110 3745 1146 3807 in
1174 3748 1287 3808 mente
1318 3748 1434 3822 poetae
1464 3746 1583 3808 comici
1612 3761 1678 3807 non
1701 3743 1885 3808 invenenmt

666 3858 778 3920 locum
808 3857 863 3920 ubi
893 3858 979 3921 laete
1010 3861 1272 3936 procrescerent;
1300 3861 1412 3935 itaque
1434 3860 1489 3922 hic
1511 3875 1588 3922 cum
1611 3859 1719 3937 coepit
1741 3869 1885 3934 quaerere

667 3972 745 4046 quid
775 3975 865 4034 eeeet
893 3970 1050 4050 iellcites,
1082 3972 1269 4051 philosophi
1299 3974 1428 4036 monita
1449 3987 1568 4050 parum
1591 3972 1621 4035 el
1643 3973 1834 4050 promerunt
1852 3966 1885 4028 ad

668 4063 924 4148 discernendam
941 4085 1137 4149 felicitatem
1160 4101 1181 4148 a
1202 4089 1432 4164 prosperitate.

714 4198 804 4276 Quod
834 4213 917 4275 opus
947 4199 978 4260 si
1007 4199 1126 4274 viginti
1156 4198 1336 4276 trigintave
1359 4201 1456 4263 annis
1477 4201 1570 4278 prius
1592 4203 1683 4263 esset
1706 4211 1885 4278 aggressus,

668 4312 832 4375 meliusne
854 4312 885 4373 el
907 4311 1089 4374 cessisset?
1112 4313 1175 4374 Pro
1199 4316 1288 4376 certo
1310 4313 1386 4388 quis
1409 4313 1511 4376 dicati
1532 4315 1601 4374 veri
1620 4319 1736 4376 tamen
1754 4314 1789 4377 id
1804 4310 1885 4375 diesi·

669 4427 767 4502 mlle;
800 4442 879 4490 nam
913 4427 954 4488 ad
989 4427 1295 4502 argumentationes
1325 4427 1510 4490 severiores
1540 4428 1651 4490 minue
1681 4431 1759 4506 apta
1788 4427 1888 4490 minus

669 4553 831 4617 propensa
848 4555 981 4618 semper
1003 4541 1067 4603 luit
1089 4541 1162 4604 elue
1184 4556 1291 4604 mens.
1316 4542 1379 4604 Sed
1403 4545 1477 4605 tum
1499 4558 1574 4605 oum
1595 4543 1845 4619 integerrimum
1862 4539 1886 4598 ei

670 4656 743 4715 erat
776 4654 899 4731 lngenll
933 4654 1032 4716 robur
1065 4655 1096 4716 si
1125 4655 1159 4715 in
1190 4657 1276 4718 hanc
1306 4655 1481 4718 materiem
1510 4655 1695 4734 incidisset,
1726 4671 1793 4719 non
1819 4665 1887 4716 suae

671 4784 746 4831 eam
787 4770 869 4832 artie
910 4784 985 4832 esse
1023 4783 1104 4830 mox
1122 4770 1332 4846 agnovisset
1366 4772 1401 4832 et
1435 4769 1640 4847 seposuisset
1673 4771 1731 4832 vix
1766 4773 1889 4832 tactem

670 4883 838 4945 Senectuti
870 4883 1024 4946 obtusius
1058 4883 1189 4945 aurium
1224 4897 1384 4945 acumen:
1419 4898 1486 4945 non
1517 4885 1583 4944 lam
1613 4883 1754 4960 percipit
1784 4893 1887 4944 vocem

669 5009 787 5058 musae
809 4999 847 5058 ut
869 4995 1038 5058 abstineat
1060 4994 1127 5058 leni
1150 5010 1286 5058 susurro
1309 4997 1492 5058 suadentis.
