4375 6284
744 997 824 1042 vius
845 998 885 1042 Μ’
908 997 1076 1042 ΟΡΕΒΙΒΠΒ.
1478 985 1519 1042 67

316 1171 341 1229 ct
359 1169 549 1231 constanter
574 1201 612 1212 —
637 1169 739 1229 etiam
770 1169 803 1229 in
833 1168 945 1230 fabula
968 1169 1064 1230 bodie
1087 1169 1271 1246 deperdita,
1297 1185 1396 1244 quam
1421 1171 1524 1231 Ncocc

315 1283 465 1344 onerarias
491 1282 709 1358 nuncupavit,
736 1282 879 1343 fortasse
903 1261 1004 1343 etiam
1028 1283 1061 1343 in
1088 1281 1241 1358 Apricolia
1265 1318 1305 1328 -
1330 1286 1441 1346 caedis
1463 1287 1525 1346 fra·

315 1398 415 1456 ternae
445 1393 545 1457 finem
574 1393 644 1457 fleri
670 1397 840 1456 iusserat?
869 1396 984 1457 Nonne
1007 1397 1088 1458 diris
1115 1399 1380 1460 mordacissimis
1401 1399 1525 1460 bellum

315 1509 543 1571 internecivum
573 1510 752 1571 devoverat
778 1513 811 1570 et
840 1510 943 1571 fronti
972 1511 1149 1586 perfrictae
1176 1512 1348 1574 bominum
1372 1513 1524 1574 scelesto-

314 1639 391 1700 rum,
427 1625 484 1698 qui
518 1623 642 1685 civium
674 1625 743 1686 iras
780 1626 813 1686 et
848 1624 923 1685 odia
956 1623 1190 1703 stimulabant,
1223 1625 1380 1687 infamiae
1411 1630 1524 1688 notam

314 1739 491 1800 inusserat?
521 1737 559 1799 In
587 1736 706 1798 (lleone
729 1736 881 1798 iacebant
904 1737 970 1798 iam
995 1753 1098 1800 saeva
1119 1737 1179 1801 illa
1201 1741 1315 1801 studia
1336 1756 1441 1815 usque
1463 1741 1527 1802 bel-

313 1853 406 1930 landi,
438 1855 472 1915 at
503 1853 544 1914 ad
574 1852 668 1914 illum
698 1852 904 1914 deiciendum
934 1867 1034 1928 quam
1065 1853 1194 1914 fortiter
1224 1854 1312 1914 vires
1343 1854 1528 1915 intenderat

314 1967 560 2043 Aristophanes!
595 1965 656 2042 Qui
689 1980 771 2040 quae
813 1965 934 2026 aemuli
970 1965 1073 2026 invidi
1107 1967 1140 2026 iu
1175 1966 1285 2042 ipsum
1320 1967 1528 2028 lactaverant

313 2079 452 2158 dicteria,
485 2081 652 2142 comicum
682 2080 847 2154 quendam
878 2079 1056 2140 Herculem
1086 2083 1318 2156 nuncupantes
1349 2084 1383 2142 et
1407 2097 1528 2144 scenae

313 2195 559 2268 mercenarium,
591 2193 710 2269 quippe
740 2193 796 2267 qui
826 2191 947 2254 sabulis
971 2207 1035 2254 non
1060 2208 1120 2254 suo
1144 2193 1280 2254 nomine
1302 2195 1336 2255 in
1359 2198 1528 2257 certamen

314 2308 495 2368 commissis
529 2307 639 2368 lamae
672 2306 800 2368 alienae
834 2307 998 2368 inservire
1032 2306 1169 2380 soleret,
1205 2307 1294 2369 lelici
1324 2308 1462 2370 audacia
1495 2310 1529 2370 in

313 2422 423 2483 melius
452 2424 652 2484 convertens
683 2420 881 2498 „Herculem
913 2436 966 2482 me
997 2421 1153 2483 dicitis‘?”
1185 2421 1360 2484 clamavit:
1385 2438 1527 2498 ,nomen

315 2538 362 2611 ,et
394 2551 490 2597 omen
525 2536 635 2597 laetus
668 2535 803 2611 accipio.
839 2534 947 2597 Unam
978 2537 1066 2596 certe
1095 2536 1163 2596 lam
1191 2535 1391 2597 debellatam
1424 2536 1528 2598 habeo

316 2648 476 2724 ,beluam;
512 2664 590 2710 nam
629 2649 766 2710 Alciden
804 2647 899 2710 illum
934 2648 1086 2709 imitatus
1117 2663 1232 2710 canem
1268 2650 1433 2724 quendam
1463 2650 1529 2712 vici

315 2761 495 2838 ,Stygium
522 2763 615 2824 cuius
641 2765 738 2838 caput
763 2761 855 2823 rabie
882 2761 1047 2822 tumidum
1076 2762 1395 2824 circumlambebant
1420 2764 1528 2825 adula-

316 2877 435 2951 ,torum
467 2877 601 2952 linguae
635 2876 824 2952 pestilerae,
856 2878 889 2936 et
922 2875 1008 2936 oculi
1039 2875 1331 2951 impudentissima
1359 2877 1530 2952 fulgebant

316 2991 481 3065 ,avaritia,
506 2992 540 3051 et
563 3005 631 3051 vox
653 2991 723 3051 orat
744 2989 903 3050 torrentis
921 2990 997 3064 post
1017 2991 1255 3065 tempestatem
1275 3005 1331 3064 per
1351 2992 1423 3051 avia
1445 3006 1530 3052 saxa

314 3104 466 3177 ,ruentia
486 3103 575 3179 Quod
594 3105 781 3164 monstrum
800 3102 1008 3164 teterrimum
1030 3117 1089 3178 ego
1108 3102 1201 3163 solus
1219 3118 1285 3164 non
1298 3104 1529 3181 reformidavi,

315 3231 396 3290 ,uon
419 3218 535 3295 vitavi,
560 3218 617 3280 sed
641 3219 827 3294 correptum
851 3218 992 3294 detinui,
1016 3217 1121 3278 donec
1142 3218 1244 3279 iacuit
1266 3221 1472 3294 prostratum
1497 3221 1531 3280 et

314 3329 429 3404 ,iners
452 3333 589 3407 iamque
611 3332 668 3393 ubl
689 3336 769 3394 suut
792 3331 923 3393 cerberi
945 3332 1036 3394 illius
1059 3334 1169 3394 minae
1178 3335 1217 3395 ‘i”

353 3445 507 3522 Ineptene
524 3446 698 3522 gloriantis
717 3447 823 3507 baec?
841 3446 1017 3508 Pueriliter
1032 3462 1126 3524 sane,
1148 3448 1207 3509 sed
1225 3447 1294 3509 veri
1313 3451 1430 3524 poetae
1447 3448 1530 3510 baec

312 3557 372 3620 luit
397 3559 576 3636 puerilitas.
607 3558 708 3621 Cuius
737 3560 861 3621 auditis
883 3559 992 3621 verbis
1018 3562 1140 3636 partim
1165 3562 1251 3622 serio
1274 3562 1395 3637 partim
1420 3562 1529 3622 iocose

313 3671 359 3733 sic
381 3673 596 3735 iactantis-
619 3673 769 3748 magisne
792 3673 901 3734 iocose
924 3687 966 3733 an
989 3673 1090 3748 serio,
1115 3675 1251 3749 rogatus
1273 3688 1338 3734 non
1358 3674 1532 3735 habuisset

313 3784 414 3848 dicore
437 3785 528 3847 -si
552 3787 625 3861 quis
647 3785 840 3848 recordetur
862 3784 988 3860 lepidae
1012 3784 1154 3847 fabellae
1177 3801 1260 3861 quae
1284 3789 1336 3847 est
1355 3787 1394 3847 de
1413 3801 1531 3848 musca

312 3896 344 3957 in
367 3901 495 3962 temone
518 3899 678 3975 sedentis,
703 3899 764 3960 boc
787 3913 914 3973 quoque
933 3913 1046 3960 secum
1067 3901 1233 3974 reputato,
1251 3899 1426 3974 iumentis,
1447 3913 1531 3974 quae

313 4017 498 4088 carpentum
522 4029 540 4074 e
564 4028 666 4075 coeno
688 4015 921 4088 extraxerunt,
945 4028 1042 4089 porro
1065 4013 1267 4088 pergendum
1287 4027 1368 4073 mox
1386 4012 1455 4072 lore
1473 4026 1531 4088 per

313 4127 488 4189 stratarum
520 4128 652 4188 viarum
682 4126 805 4202 taedia,
837 4141 988 4187 muscam
1024 4126 1086 4187 alis
1118 4127 1267 4187 extensis
1297 4140 1430 4185 sursum
1461 4139 1528 4199 pro·

314 4236 506 4318 velaturam,
539 4239 625 4301 aeris
655 4239 797 4299 incolam
828 4239 977 4300 liberam.
1008 4240 1087 4300 'iam
1121 4236 1297 4313 magnifice
1327 4238 1392 4299 nisi
1424 4238 1463 4299 de
1493 4253 1530 4298 se

313 4363 431 4426 suaque
453 4356 524 4414 arte
548 4353 712 4414 sensisset
735 4356 846 4428 poeta,
871 4367 935 4414 non
960 4354 988 4413 is
1012 4367 1109 4426 quem
1134 4353 1290 4413 novimus
1314 4352 1423 4412 factus
1442 4357 1533 4412 esset

313 4461 555 4542 Aristophanes.
580 4466 738 4527 Iuvenem
760 4466 910 4526 sinamus
929 4465 1124 4526 felicissimo
1144 4466 1246 4526 errori
1267 4464 1453 4540 indulgeret
1474 4466 1533 4525 Sat

315 4575 381 4636 cito
407 4581 586 4656 eripientur
612 4579 642 4639 ei
667 4592 749 4652 quae
772 4579 922 4652 concepit
944 4578 1065 4652 gaudia
1087 4577 1215 4638 maiora
1237 4593 1337 4651 quam
1363 4594 1421 4654 pro
1444 4579 1532 4639 vitae

313 4686 472 4753 humanae
495 4690 627 4754 casibus
649 4691 751 4752 variis
775 4694 808 4751 et
831 4689 1041 4766 ancipitibus.

363 4913 447 4978 Nova
468 4918 580 4980 fabula
602 4918 688 4979 unde
712 4921 802 4978 esset
824 4917 971 4978 ducenda
994 4917 1135 4978 minime
1158 4917 1225 4978 iam
1246 4918 1277 4978 ei
1295 4919 1359 4979 fuit
1381 4919 1530 4994 dubium,

319 5026 353 5084 et
377 5027 512 5104 siquam
536 5029 712 5092 materiem
731 5045 789 5105 per
811 5031 972 5091 aestatem
992 5031 1026 5092 et
1044 5033 1261 5090 auctumnum
1286 5031 1424 5091 molitus
1447 5036 1532 5108 erat,
