4375 6284
753 985 832 1030 vrrs
855 985 895 1030 sn
917 980 1087 1030 ornamus.
1470 964 1533 1026 119

360 1157 470 1232 118888
491 1155 773 1234 interlelicitatts,
793 1156 1038 1235 prosperitatis,
1057 1155 1248 1218 divitiarum
1268 1155 1420 1216 notiones
1441 1151 1538 1215 vacil-

321 1273 387 1334 lans
409 1271 519 1333 tabula
542 1275 633 1334 caret
656 1271 797 1334 unitatis
820 1271 879 1333 1118
901 1271 1012 1349 18818,
1044 1285 1130 1346 8888
1154 1269 1273 1332 ceteris
1295 1270 1412 1346 poetae
1434 1267 1538 1327 matu·

322 1385 408 1447 rioris
439 1385 595 1461 operibus
630 1388 683 1447 est
716 1386 857 1462 propria.
892 1385 1036 1448 Divitiae
1070 1386 1158 1447 inter
1192 1384 1345 1445 homines
1378 1380 1540 1442 habentur

321 1497 489 1575 optabiles:
521 1499 604 1561 bene
634 1499 738 1575 igitur
768 1498 906 1563 haberet
935 1500 966 1561 si
996 1498 1089 1577 probi
1112 1513 1230 1561 omnes
1253 1497 1405 1560 homines
1427 1497 1540 1557 essent

321 1612 441 1676 divitas.
472 1616 517 1675 At
539 1612 664 1675 nemini
688 1613 717 1674 si
740 1627 807 1675 non
829 1615 920 1674 esset
941 1613 1097 1690 pecunia,
1120 1612 1280 1690 pecuniae
1302 1610 1433 1672 utilitas
1454 1608 1540 1670 leret

321 1727 418 1805 nulla,
447 1743 514 1789 non
543 1727 634 1789 enim
666 1729 782 1789 essent
810 1727 867 1801 qui
892 1726 1046 1788 mercede
1068 1726 1207 1789 conduci
1229 1727 1367 1803 possent
1389 1723 1430 1785 ad
1452 1722 1538 1784 labo·

320 1841 466 1918 randum,
498 1841 558 1904 sed
588 1856 609 1902 8
637 1839 752 1903 labore
782 1840 990 1903 abstinerent
1013 1856 1148 1915 omnes;
1177 1855 1262 1915 quae
1290 1837 1433 1915 insignis
1455 1836 1541 1899 roret

321 1955 510 2017 mortalibus
529 1953 719 2032 calamitas,
738 1954 896 2029 quoniam
915 1953 1028 2017 labore
1047 1970 1146 2031 quam
1165 1954 1314 2016 maxime
1331 1953 1488 2014 iuvantur
1507 1954 1541 2012 st

321 2072 445 2144 egestas
468 2069 510 2131 ad
532 2069 659 2145 omnia,
683 2083 768 2144 quae
790 2067 831 2129 ab
854 2068 988 2145 ingenio
1010 2068 1156 2130 humano
1180 2068 1318 2130 inventa
1335 2070 1429 2144 eunt,
1451 2063 1540 2128 inda·

321 2183 408 2256 gavit
436 2183 537 2244 viam.
569 2182 614 2243 At
645 2182 694 2243 ita
723 2182 753 2242 81
783 2181 885 2243 18181
914 2196 985 2259 res,
1018 2181 1156 2243 divitiae
1178 2181 1340 2257 optabiles
1362 2194 1428 2243 non
1451 2183 1540 2241 sunt.

322 2293 554 2373 brgo...quid
585 2297 747 2371 ergot...
770 2294 833 2356 Vix
855 2296 890 2357 et
913 2311 954 2357 ne
977 2295 1036 2356 vix
1059 2295 1193 2370 quidem
1216 2295 1389 2357 decurrere
1412 2294 1542 2356 videtur

322 2410 615 2485 argumentationis
642 2412 747 2486 tenor,
775 2408 1074 2486 paralogismorum
1098 2409 1187 2472 enim
1211 2411 1315 2472 series
1338 2407 1469 2472 1818188
1491 2411 1544 2470 est

323 2525 520 2602 substructa,
543 2526 643 2598 utque
662 2523 790 2600 species
809 2526 897 2584 certe
917 2524 1055 2585 unitatis
1077 2526 1231 2586 servetur
1254 2523 1454 2585 sumendum
1477 2524 1544 2600 est,

324 2638 438 2714 probus
459 2637 598 2713 quilibet
631 2637 662 2698 si
692 2637 785 2699 dives
816 2636 888 2714 liat,
921 2652 1056 2714 operam
1086 2638 1227 2700 daturos
1255 2652 1329 2699 esse
1360 2652 1477 2700 omnes
1506 2637 1544 2697 ut

323 2769 418 2828 quam
446 2753 593 2831 primum
624 2752 716 2828 probi
739 2751 836 2828 11881,
860 2766 1021 2829 pauperes
1043 2753 1145 2830 igitur
1168 2767 1249 2814 mox
1271 2752 1402 2813 tuturos
1424 2750 1543 2812 nullos.

323 2869 366 2928 At
393 2865 619 2930 huiuscemodi
649 2866 797 2943 probitas
827 2881 928 2940 quam
958 2868 1010 2928 est
1032 2866 1208 2928 dissimilis
1231 2866 1350 2927 virtuti
1374 2866 1418 2943 81,
1443 2879 1544 2939 quam

324 2981 470 3044 18818188
487 2980 714 3043 condicionem
733 2983 770 3042 ut
789 2981 1016 3043 necessariam
1035 2981 1084 3042 sic
1103 2981 1235 3042 unicam
1261 3013 1302 3026 -
1326 2994 1391 3041 non
1414 2993 1544 3055 prospe·

323 3097 428 3157 ritatis
449 3095 652 3172 praedicavit
673 3096 730 3157 sed
754 3095 940 3158 felicitatisi
964 3095 1140 3172 Homines,
1164 3094 1281 3171 opibus
1305 3097 1342 3155 ut
1364 3094 1544 3171 potiantur,

323 3223 363 3269 ne
384 3209 474 3285 probl
495 3211 629 3286 quidem
652 3209 725 3272 fleri
747 3212 942 3272 recusantes
961 3210 1038 3285 quid
1057 3209 1247 3285 discrepant
1263 3225 1284 3270 8
1302 3207 1544 3285 Strepsiadlbus

323 3337 496 3398 eorumque
525 3321 616 3401 liliis,
650 3323 733 3386 lucri
763 3338 864 3384 causa
895 3325 1002 3385 artem
1032 3321 1169 3384 18118811
1192 3321 1450 3385 meditantibus?
1472 3321 1543 3383 Non

324 3435 383 3511 ipsl
404 3440 484 3499 sunt
505 3437 577 3515 alii,
601 3437 662 3501 sed
684 3436 770 3499 aliae
793 3437 835 3498 ils
858 3439 938 3500 8881
960 3437 1050 3499 vitae
1072 3436 1293 3499 condiciones.

367 3550 518 3615 Comicus
547 3554 645 3628 poeta
673 3550 803 3614 utinam
835 3551 1045 3612 socratis-
1067 3564 1133 3611 non
1163 3549 1385 3612 commenticii
1415 3548 1546 3612 illiuee

326 3664 515 3728 lleditaculo
545 3664 878 3742 meteorosophistae,
901 3664 960 3726 sed
983 3664 1053 3725 veri
1076 3663 1237 3740 Socratis,
1263 3663 1318 3738 qui
1340 3661 1467 3724 civibus
1489 3677 1546 3737 per

325 3777 435 3854 longos
465 3794 573 3841 annos
603 3778 756 3853 colloquii
780 3778 833 3839 881
855 3777 934 3840 18811
956 3778 1098 3855 copiam,
1123 3792 1190 3840 non
1213 3791 1310 3839 nares
1333 3776 1544 3854 potissimum

326 3896 506 3968 spectasset
534 3894 675 3956 resimas
703 3893 851 3955 nudosve
874 3892 987 3970 pedes,
1011 3893 1068 3954 sed
1092 3895 1126 3953 et
1149 3907 1263 3954 aurem
1287 3892 1318 3952 ei
1342 3889 1547 3967 praebuisset

326 4007 448 4069 amicos
470 4007 601 4069 docenti
623 4007 699 4082 quid
723 4007 813 4069 esset
835 4005 884 4068 rel
907 4004 1048 4067 alicuius
1071 4007 1176 4083 88118,
1202 4004 1278 4080 8811
1302 4003 1458 4067 18181118.

369 4119 574 4196 Quamquam
597 4120 701 4182 talem
727 4118 1001 4196 Aristophanem,
1033 4119 1165 4194 qualem
1193 4118 1271 4179 18811
1296 4116 1386 4178 alma
1412 4120 1545 4194 natura,

325 4247 474 4295 amamus
492 4235 623 4310 propter
642 4232 813 4309 ingenium
836 4234 1016 4294 venustum
1040 4234 1075 4292 et
1097 4245 1307 4307 generosum.
1327 4230 1389 4294 Sed
1409 4245 1474 4291 non
1494 4233 1546 4291 est

326 4360 365 4406 ex
386 4348 428 4408 iis
450 4363 471 4409 8
492 4346 614 4422 881188
636 4346 812 4423 cupiamus
835 4346 947 4407 audim
970 4345 1047 4420 quid
1071 4347 1229 4408 censeant
1253 4345 1294 4406 de
1317 4344 1406 4407 vitae
1429 4345 1542 4406 huma·

325 4473 385 4522 uae
406 4459 471 4524 dne
494 4460 549 4523 vel
572 4459 689 4536 pretio.

368 4687 510 4751 1818188
529 4688 622 4750 initio
642 4688 823 4765 adspicitur
841 4683 1551 4763 0118888188881188188181881188188818118

326 4799 365 4860 ab
394 4802 511 4865 itinere
541 4802 682 4864 rediens.
718 4800 778 4877 Qui
808 4816 885 4862 cum
917 4801 1088 4862 oraculum
1119 4799 1315 4877 Delphicum
1347 4799 1483 4860 adiisset
1512 4800 1550 4858 81

326 4912 440 4977 duram
469 4918 596 4978 sortem
627 4917 828 4991 quereretur,
860 4915 979 4992 quippe
1005 4915 1159 4990 8818188
1183 4913 1396 4975 8118888188
1419 4926 1550 4988 semper

327 5031 464 5096 vixisset
492 5035 527 5094 et
557 5034 672 5093 tamen
695 5030 876 5092 mansisset
898 5029 1129 5106 pauperrimus
1152 5029 1237 5090 inter
1261 5024 1430 5088 maleficos
1452 5025 1548 5101 pluri·
