4375 6284
730 999 772 1044 na
795 997 903 1044 rnxnu
925 997 1078 1044 unarum.
1454 985 1519 1046 387

318 1179 409 1235 tamon
429 1175 549 1234 cuncta
567 1172 649 1256 haec
667 1186 725 1247 pro
744 1170 999 1247 Aristophaneis
1019 1172 1169 1234 venditat
1180 1172 1336 1234 librarius
1353 1168 1386 1243 ¹).
1399 1173 1524 1249 Nempe

317 1288 445 1349 scholion
476 1288 511 1348 in
541 1289 674 1348 textum
705 1286 835 1362 recepit
860 1286 1048 1362 somnians,
1073 1291 1107 1348 et
1130 1288 1203 1349 vitii
1226 1288 1388 1363 originem
1411 1287 1525 1348 etlam·

316 1417 387 1463 nuno
408 1401 514 1464 oculis
541 1401 667 1463 nostris
690 1400 860 1461 cernimus
882 1399 916 1459 in
940 1401 1051 1462 codice
1073 1400 1112 1477 V,
1135 1402 1192 1475 qui
1214 1402 1264 1462 aio
1286 1404 1425 1463 exarata
1443 1402 1526 1462 haec

315 1516 447 1590 praebet:

349 1678 409 1740 dol.
434 1681 495 1740 ggv
518 1677 621 1739 inira:
866 1747 879 1776 n

387 1765 452 1828 δότε
476 1790 527 1845 μοι
549 1765 647 1845 leucis:
671 1763 712 1837 ὡς
847 1764 876 1824 δι
892 1765 979 1845 αἰβοῖ
997 1765 1079 1828 τουτὶ
1101 1766 1152 1828 καὶ
1175 1768 1223 1847 δή·

387 1867 519 1919 ναυτιῶν
540 1856 603 1919 ὑπὸ
626 1865 677 1935 *ἧς
700 1853 762 1916 ἐκεῖ
893 1884 985 1960 χωρεῖ
1002 1879 1035 1942 τὸ
1058 1880 1163 1943 κακὸν.
1188 1881 1255 1943 δότε
1278 1903 1330 1960 μοι
1351 1882 1491 1960 λεκάνην·

386 1969 443 2009 νου
467 1948 597 2026 ψύχρας
619 1942 640 2026 ἢ
662 1945 713 2005 ἵνα
737 1940 831 2022 ἐβίω

386 2037 459 2116 χολή
481 2039 538 2119 γάρ
562 2059 613 2115 μοι
636 2031 767 2096 ἐπιπλέοι

385 2127 438 2188 διὰ
461 2127 497 2187 τὰ
520 2126 615 2189 αὐτοῦ
639 2123 774 2206 §ciperet
801 2156 839 2166 —

344 2291 412 2355 Fol.
437 2293 492 2353 36¹
514 2307 633 2368 supra:

855 2350 876 2440 οδε
898 2375 1074 2458 τοφογέρων
1098 2371 1126 2438 al
1146 2375 1362 2455 κᾶνάονοσοος·

344 2545 484 2606 Versum
517 2545 580 2605 907
613 2544 715 2605 otiam
748 2544 882 2620 codicis,
911 2559 1009 2619 quem
1042 2544 1162 2613 R(aut
1184 2544 1214 2602 is
1236 2543 1293 2616 qui
1316 2543 1389 2603 vitii
1412 2548 1528 2605 auctor

306 2662 360 2731 osi)
380 2659 556 2735 excripsit,
576 2659 734 2734 paginam
755 2659 918 2720 clausisse
934 2657 1178 2732 intellegimus3
1197 2655 1243 2716 ihi
1261 2657 1364 2732 igitur
1379 2658 1526 2720 scholion

304 2772 333 2832 in
361 2773 453 2835 calce
484 2771 623 2847 paginae
653 2772 713 2831 aut
742 2771 776 2832 in
807 2770 959 2846 margine
989 2770 1156 2846 superiore
1183 2769 1355 2843 sequentis
1377 2770 1528 2833 additum

304 2901 444 2948 errorem
469 2884 607 2961 peperit.

341 3000 409 3062 Nec
450 3013 518 3059 non
558 2994 785 3076 ococnaypapsi
825 2996 992 3072 longiores
1026 3011 1084 3072 pro
1119 2997 1236 3058 cornici
1271 2997 1382 3058 verbis
1415 2998 1529 3059 haberi

302 3115 461 3186 poterant.
504 3111 558 3171 Sic
598 3111 733 3171 Thesm.
779 3111 884 3172 1187·
926 3111 1004 3185 quin
1046 3110 1198 3187 Scythae,
1235 3127 1299 3172 non
1335 3112 1528 3188 interpretis

303 3229 387 3287 esset
406 3240 472 3286 non
496 3224 660 3286 dubitavit
678 3224 707 3284 is
729 3224 784 3299 qui
808 3225 911 3286 talem
936 3239 1013 3285 eum
1036 3239 1171 3286 versum
1191 3226 1345 3287 exaravit
1363 3227 1471 3300 quails
1492 3231 1526 3288 in

303 3339 408 3402 codice
432 3339 461 3399 R
484 3338 615 3413 legitur.

342 3565 445 3628 hiulta
474 3568 587 3627 autem
619 3565 782 3628 eiusmodi
812 3567 1115 3640 interpretamenta
1143 3566 1191 3626 ita
1221 3569 1301 3626 sunt
1330 3565 1462 3643 expleta
1490 3571 1529 3629 ut

300 3681 526 3743 trimetrorum
552 3679 603 3740 vel
623 3681 895 3741 tetrametrorum
915 3680 1059 3756 speciem
1080 3679 1227 3754 aliquam
1246 3693 1324 3754 prae
1344 3680 1527 3744 selerrsnt.

300 3791 338 3854 Iit
366 3794 448 3855 talia
476 3794 610 3856 demum
634 3793 741 3854 textui
764 3792 952 3870 periculosa
974 3794 1128 3867 fuerunt5
1152 3807 1230 3853 nam
1254 3796 1365 3855 cetera
1387 3793 1528 3857 lectores

300 3907 396 3982 paulo
426 3909 592 3970 acutiores
620 3906 737 3968 iallero
766 3921 833 3968 non
862 3908 1025 3982 poterant.
1050 3905 1170 3982 Quales
1195 3907 1349 3969 versiculi
1372 3909 1428 3971 diu
1451 3913 1527 3971 ante

299 4038 398 4096 quam
422 4025 525 4085 codex
546 4023 576 4083 R
599 4022 743 4097 scriptus
767 4022 820 4082 est
844 4021 951 4082 musis
973 4021 1092 4081 invitis
1115 4023 1195 4081 sunt
1217 3996 1304 4098 nati,
1328 4022 1439 4096 itaque
1461 4037 1526 4084 non

299 4139 350 4197 est
381 4138 501 4198 mirum
537 4139 572 4198 in
607 4137 735 4198 cunctis
769 4135 935 4196 codicibus
969 4135 1025 4211 qul
1060 4134 1102 4196 ad
1132 4149 1193 4195 nos
1222 4140 1444 4210 pervenerunt
1471 4153 1529 4200 eos

298 4251 443 4325 reperiri.
474 4250 571 4312 Haud
601 4253 717 4312 tamen
748 4248 925 4311 difficulter
948 4251 1188 4324 agnoscuntur,
1211 4263 1289 4309 nam
1315 4251 1397 4311 vitio
1420 4249 1529 4324 aliquo

298 4363 460 4438 originem
495 4379 592 4426 suam
626 4365 769 4441 produnt
802 4379 933 4438 omnes,
969 4364 1042 4424 sivo
1071 4366 1215 4424 metrum
1248 4364 1425 4440 claudicat,
1457 4367 1529 4428 sivo

299 4476 473 4538 verborum
501 4481 670 4540 structura
692 4495 759 4541 non
782 4479 868 4540 satis
892 4482 969 4555 apte
992 4479 1152 4555 decurrit,
1176 4478 1249 4540 slve
1271 4480 1363 4540 locus
1386 4495 1529 4542 corrum-

296 4589 386 4665 pitur
415 4591 527 4652 addita
558 4591 779 4668 explicatione
810 4594 847 4653 ut
871 4606 950 4653 vera
971 4592 1020 4651 ita
1042 4590 1202 4666 molesta,
1226 4592 1298 4653 sive
1321 4592 1386 4654 alio
1409 4594 1530 4656 indicio

297 4703 393 4764 lraus
414 4705 684 4782 deprehenditur.

333 4985 354 5048 ¹)
373 4990 430 5038 Sive
446 4992 504 5051 ipse
521 4989 644 5037 librarius
661 4990 683 5036 R
699 4990 736 5036 iia
753 4987 931 5046 corruitura
948 4990 974 5036 in
993 4989 1113 5050 exemplo
1131 4988 1200 5049 qnod
1215 4988 1378 5048 sequebatur
1391 4993 1447 5037 erat
1460 4990 1528 5038 idem

298 5069 403 5117 vitium.
1334 5101 1342 5112 ·

356 5155 404 5201 Δι
1421 5155 1449 5199 2).
