<?xml version="1.0" encoding="UTF-8"?>
<!DOCTYPE html PUBLIC "-//W3C//DTD XHTML 1.0 Transitional//EN"
    "http://www.w3.org/TR/xhtml1/DTD/xhtml1-transitional.dtd">
<html xmlns="http://www.w3.org/1999/xhtml" xml:lang="en" lang="en">
 <head>
  <title>
</title>
<meta http-equiv="Content-Type" content="text/html;charset=utf-8" />
  <meta name='ocr-system' content='tesseract 3.04.00' />
  <meta name='ocr-capabilities' content='ocr_page ocr_carea ocr_par ocr_line ocrx_word'/>
</head>
<body>
  <div class='ocr_page' id='page_1' title='image "./prolegomenaadar02unkngoog/prolegomenaadar02unkngoog_0089.png"; bbox 0 0 4375 6284; ppageno 0'>
   <div class='ocr_carea' id='block_1_1' title="bbox 750 959 1529 1019">
    <p class='ocr_par' dir='ltr' id='par_1_1' title="bbox 750 959 1529 1019">
     <span class='ocr_line' id='line_1_1' title="bbox 750 959 1529 1019; baseline 0.003 -2"><span class='ocrx_word' id='word_1_1' title='bbox 750 974 830 1019; x_wconf 69' lang='lat' dir='ltr'><strong>vrrs</strong></span> <span class='ocrx_word' id='word_1_2' title='bbox 853 971 893 1017; x_wconf 80' lang='lat' dir='ltr'><strong>sn</strong></span> <span class='ocrx_word' id='word_1_3' title='bbox 916 971 1084 1017; x_wconf 72' lang='lat' dir='ltr'><strong>oraremus.</strong></span> <span class='ocrx_word' id='word_1_4' title='bbox 1488 959 1529 1019; x_wconf 76' lang='lat' dir='ltr'><strong>vt</strong></span> 
     </span>
    </p>
   </div>
   <div class='ocr_carea' id='block_1_2' title="bbox 323 1142 1531 1432">
    <p class='ocr_par' dir='ltr' id='par_1_2' title="bbox 323 1142 1531 1432">
     <span class='ocr_line' id='line_1_2' title="bbox 323 1142 1530 1223; baseline 0.004 -22"><span class='ocrx_word' id='word_1_5' title='bbox 323 1142 488 1205; x_wconf 85' lang='lat' dir='ltr'><strong>vehebatur</strong></span> <span class='ocrx_word' id='word_1_6' title='bbox 516 1145 578 1207; x_wconf 86' lang='lat' dir='ltr'><strong>llos</strong></span> <span class='ocrx_word' id='word_1_7' title='bbox 607 1147 641 1207; x_wconf 91' lang='lat' dir='ltr'><strong>et</strong></span> <span class='ocrx_word' id='word_1_8' title='bbox 669 1145 782 1223; x_wconf 90' lang='lat' dir='ltr'><strong>robur,</strong></span> <span class='ocrx_word' id='word_1_9' title='bbox 813 1147 848 1206; x_wconf 93' lang='lat' dir='ltr'><strong>in</strong></span> <span class='ocrx_word' id='word_1_10' title='bbox 879 1146 1018 1207; x_wconf 86' lang='lat' dir='ltr'><strong>exitium</strong></span> <span class='ocrx_word' id='word_1_11' title='bbox 1051 1148 1103 1207; x_wconf 88' lang='lat' dir='ltr'><strong>est</strong></span> <span class='ocrx_word' id='word_1_12' title='bbox 1133 1147 1288 1222; x_wconf 87' lang='lat' dir='ltr'><strong>profecta.</strong></span> <span class='ocrx_word' id='word_1_13' title='bbox 1316 1146 1375 1222; x_wconf 79' lang='lat' dir='ltr'><strong>Qui</strong></span> <span class='ocrx_word' id='word_1_14' title='bbox 1403 1145 1530 1221; x_wconf 86' lang='lat' dir='ltr'><strong>expedi·</strong></span> 
     </span>
     <span class='ocr_line' id='line_1_3' title="bbox 323 1256 1531 1354; baseline 0.002 -38"><span class='ocrx_word' id='word_1_15' title='bbox 323 1256 406 1317; x_wconf 78' lang='lat' dir='ltr'><strong>tons</strong></span> <span class='ocrx_word' id='word_1_16' title='bbox 438 1258 666 1335; x_wconf 74' lang='lat' dir='ltr'><strong>suscipiendae</strong></span> <span class='ocrx_word' id='word_1_17' title='bbox 699 1259 809 1320; x_wconf 83' lang='lat' dir='ltr'><strong>iuerat</strong></span> <span class='ocrx_word' id='word_1_18' title='bbox 838 1260 961 1336; x_wconf 86' lang='lat' dir='ltr'><strong>auctor,</strong></span> <span class='ocrx_word' id='word_1_19' title='bbox 992 1260 1023 1320; x_wconf 91' lang='lat' dir='ltr'><strong>is</strong></span> <span class='ocrx_word' id='word_1_20' title='bbox 1052 1259 1230 1354; x_wconf 76' lang='lat' dir='ltr'><strong>pemicism</strong></span> <span class='ocrx_word' id='word_1_21' title='bbox 1260 1274 1340 1320; x_wconf 86' lang='lat' dir='ltr'><strong>mox</strong></span> <span class='ocrx_word' id='word_1_22' title='bbox 1370 1259 1399 1318; x_wconf 91' lang='lat' dir='ltr'><strong>ei</strong></span> <span class='ocrx_word' id='word_1_23' title='bbox 1430 1261 1531 1319; x_wconf 90' lang='lat' dir='ltr'><strong>struc-</strong></span> 
     </span>
     <span class='ocr_line' id='line_1_4' title="bbox 323 1370 502 1432; baseline 0.011 -3"><span class='ocrx_word' id='word_1_24' title='bbox 323 1370 402 1429; x_wconf 87' lang='lat' dir='ltr'><strong>turus</strong></span> <span class='ocrx_word' id='word_1_25' title='bbox 418 1372 502 1432; x_wconf 90' lang='lat' dir='ltr'><strong>erat.</strong></span> 
     </span>
    </p>
   </div>
   <div class='ocr_carea' id='block_1_3' title="bbox 900 1635 942 1697">
    <p class='ocr_par' dir='ltr' id='par_1_3' title="bbox 900 1635 942 1697">
     <span class='ocr_line' id='line_1_5' title="bbox 900 1635 942 1697; baseline 0.071 -3"><span class='ocrx_word' id='word_1_26' title='bbox 900 1635 942 1697; x_wconf 88' lang='lat' dir='ltr'><strong>H.</strong></span> 
     </span>
    </p>
   </div>
   <div class='ocr_carea' id='block_1_4' title="bbox 317 1830 1536 3159">
    <p class='ocr_par' dir='ltr' id='par_1_4' title="bbox 319 1830 1536 2577">
     <span class='ocr_line' id='line_1_6' title="bbox 357 1830 1534 1912; baseline 0.006 -21"><span class='ocrx_word' id='word_1_27' title='bbox 357 1830 512 1909; x_wconf 72' lang='lat' dir='ltr'><strong>&#39;l&#39;smpore</strong></span> <span class='ocrx_word' id='word_1_28' title='bbox 538 1837 614 1909; x_wconf 90' lang='lat' dir='ltr'><strong>post</strong></span> <span class='ocrx_word' id='word_1_29' title='bbox 635 1833 747 1895; x_wconf 80' lang='lat' dir='ltr'><strong>Niciae</strong></span> <span class='ocrx_word' id='word_1_30' title='bbox 770 1849 883 1910; x_wconf 88' lang='lat' dir='ltr'><strong>pacem</strong></span> <span class='ocrx_word' id='word_1_31' title='bbox 907 1835 1059 1911; x_wconf 87' lang='lat' dir='ltr'><strong>proximo</strong></span> <span class='ocrx_word' id='word_1_32' title='bbox 1081 1837 1180 1912; x_wconf 90' lang='lat' dir='ltr'><strong>poeta</strong></span> <span class='ocrx_word' id='word_1_33' title='bbox 1202 1841 1314 1897; x_wconf 89' lang='lat' dir='ltr'><strong>noster</strong></span> <span class='ocrx_word' id='word_1_34' title='bbox 1335 1837 1407 1898; x_wconf 86' lang='lat' dir='ltr'><strong>suis</strong></span> <span class='ocrx_word' id='word_1_35' title='bbox 1430 1838 1534 1898; x_wconf 88' lang='lat' dir='ltr'><strong>oculis</strong></span> 
     </span>
     <span class='ocr_line' id='line_1_7' title="bbox 321 1947 1533 2026; baseline 0.004 -20"><span class='ocrx_word' id='word_1_36' title='bbox 321 1948 361 2006; x_wconf 89' lang='lat' dir='ltr'><strong>uti</strong></span> <span class='ocrx_word' id='word_1_37' title='bbox 381 1948 514 2009; x_wconf 67' lang='lat' dir='ltr'><strong>undem</strong></span> <span class='ocrx_word' id='word_1_38' title='bbox 538 1948 644 2023; x_wconf 90' lang='lat' dir='ltr'><strong>coepit</strong></span> <span class='ocrx_word' id='word_1_39' title='bbox 667 1949 701 2007; x_wconf 93' lang='lat' dir='ltr'><strong>in</strong></span> <span class='ocrx_word' id='word_1_40' title='bbox 724 1947 928 2008; x_wconf 88' lang='lat' dir='ltr'><strong>diudicandls</strong></span> <span class='ocrx_word' id='word_1_41' title='bbox 951 1949 1071 2009; x_wconf 88' lang='lat' dir='ltr'><strong>studiis</strong></span> <span class='ocrx_word' id='word_1_42' title='bbox 1093 1952 1128 2010; x_wconf 91' lang='lat' dir='ltr'><strong>et</strong></span> <span class='ocrx_word' id='word_1_43' title='bbox 1150 1949 1298 2010; x_wconf 89' lang='lat' dir='ltr'><strong>consiliis</strong></span> <span class='ocrx_word' id='word_1_44' title='bbox 1321 1951 1480 2026; x_wconf 88' lang='lat' dir='ltr'><strong>virorum,</strong></span> <span class='ocrx_word' id='word_1_45' title='bbox 1501 1951 1533 2011; x_wconf 89' lang='lat' dir='ltr'><strong>in</strong></span> 
     </span>
     <span class='ocr_line' id='line_1_8' title="bbox 320 2060 1533 2140; baseline 0.004 -21"><span class='ocrx_word' id='word_1_46' title='bbox 320 2075 445 2134; x_wconf 88' lang='lat' dir='ltr'><strong>quorum</strong></span> <span class='ocrx_word' id='word_1_47' title='bbox 471 2060 571 2122; x_wconf 88' lang='lat' dir='ltr'><strong>verba</strong></span> <span class='ocrx_word' id='word_1_48' title='bbox 592 2061 701 2121; x_wconf 92' lang='lat' dir='ltr'><strong>iurare</strong></span> <span class='ocrx_word' id='word_1_49' title='bbox 723 2061 826 2121; x_wconf 88' lang='lat' dir='ltr'><strong>nimis</strong></span> <span class='ocrx_word' id='word_1_50' title='bbox 848 2060 903 2122; x_wconf 90' lang='lat' dir='ltr'><strong>diu</strong></span> <span class='ocrx_word' id='word_1_51' title='bbox 927 2061 1046 2123; x_wconf 83' lang='lat' dir='ltr'><strong>solitus</strong></span> <span class='ocrx_word' id='word_1_52' title='bbox 1070 2062 1181 2124; x_wconf 86' lang='lat' dir='ltr'><strong>iuerat</strong></span> <span class='ocrx_word' id='word_1_53' title='bbox 1200 2063 1330 2124; x_wconf 92' lang='lat' dir='ltr'><strong>iuvenis</strong></span> <span class='ocrx_word' id='word_1_54' title='bbox 1350 2064 1533 2140; x_wconf 90' lang='lat' dir='ltr'><strong>imperitus.</strong></span> 
     </span>
     <span class='ocr_line' id='line_1_9' title="bbox 319 2174 1535 2249; baseline 0.003 -15"><span class='ocrx_word' id='word_1_55' title='bbox 319 2175 508 2235; x_wconf 81' lang='lat' dir='ltr'><strong>Perventum</strong></span> <span class='ocrx_word' id='word_1_56' title='bbox 539 2174 608 2234; x_wconf 90' lang='lat' dir='ltr'><strong>iam</strong></span> <span class='ocrx_word' id='word_1_57' title='bbox 638 2175 711 2234; x_wconf 88' lang='lat' dir='ltr'><strong>erat</strong></span> <span class='ocrx_word' id='word_1_58' title='bbox 739 2187 805 2248; x_wconf 94' lang='lat' dir='ltr'><strong>quo</strong></span> <span class='ocrx_word' id='word_1_59' title='bbox 835 2188 893 2249; x_wconf 89' lang='lat' dir='ltr'><strong>per</strong></span> <span class='ocrx_word' id='word_1_60' title='bbox 921 2174 1117 2235; x_wconf 87' lang='lat' dir='ltr'><strong>decennium</strong></span> <span class='ocrx_word' id='word_1_61' title='bbox 1148 2190 1224 2237; x_wconf 92' lang='lat' dir='ltr'><strong>cum</strong></span> <span class='ocrx_word' id='word_1_62' title='bbox 1255 2176 1373 2237; x_wconf 88' lang='lat' dir='ltr'><strong>amicis</strong></span> <span class='ocrx_word' id='word_1_63' title='bbox 1400 2179 1535 2238; x_wconf 90' lang='lat' dir='ltr'><strong>strenue</strong></span> 
     </span>
     <span class='ocr_line' id='line_1_10' title="bbox 319 2286 1532 2372; baseline 0.002 -24"><span class='ocrx_word' id='word_1_64' title='bbox 319 2289 503 2364; x_wconf 84' lang='lat' dir='ltr'><strong>tetenderat,</strong></span> <span class='ocrx_word' id='word_1_65' title='bbox 523 2321 564 2330; x_wconf 94' lang='lat'>—</span> <span class='ocrx_word' id='word_1_66' title='bbox 588 2290 624 2348; x_wconf 90' lang='lat' dir='ltr'><strong>at</strong></span> <span class='ocrx_word' id='word_1_67' title='bbox 653 2287 743 2361; x_wconf 81' lang='lat' dir='ltr'><strong>regio</strong></span> <span class='ocrx_word' id='word_1_68' title='bbox 772 2286 832 2347; x_wconf 89' lang='lat' dir='ltr'><strong>illa</strong></span> <span class='ocrx_word' id='word_1_69' title='bbox 861 2301 962 2361; x_wconf 88' lang='lat' dir='ltr'><strong>quam</strong></span> <span class='ocrx_word' id='word_1_70' title='bbox 993 2288 1192 2363; x_wconf 79' lang='lat' dir='ltr'><strong>petiverant,</strong></span> <span class='ocrx_word' id='word_1_71' title='bbox 1227 2291 1345 2372; x_wconf 84' lang='lat' dir='ltr'><strong>utpote</strong></span> <span class='ocrx_word' id='word_1_72' title='bbox 1370 2289 1532 2351; x_wconf 89' lang='lat' dir='ltr'><strong>laetorum</strong></span> 
     </span>
     <span class='ocr_line' id='line_1_11' title="bbox 319 2401 1536 2478; baseline 0 -16"><span class='ocrx_word' id='word_1_73' title='bbox 319 2402 547 2475; x_wconf 89' lang='lat' dir='ltr'><strong>promissorum</strong></span> <span class='ocrx_word' id='word_1_74' title='bbox 571 2402 733 2477; x_wconf 77' lang='lat' dir='ltr'><strong>feracem,</strong></span> <span class='ocrx_word' id='word_1_75' title='bbox 757 2401 867 2462; x_wconf 84' lang='lat' dir='ltr'><strong>aridas</strong></span> <span class='ocrx_word' id='word_1_76' title='bbox 889 2403 1020 2462; x_wconf 87' lang='lat' dir='ltr'><strong>tantum</strong></span> <span class='ocrx_word' id='word_1_77' title='bbox 1041 2416 1161 2463; x_wconf 89' lang='lat' dir='ltr'><strong>arenas</strong></span> <span class='ocrx_word' id='word_1_78' title='bbox 1186 2402 1363 2478; x_wconf 84' lang='lat' dir='ltr'><strong>praebebat</strong></span> <span class='ocrx_word' id='word_1_79' title='bbox 1386 2403 1536 2464; x_wconf 86' lang='lat' dir='ltr'><strong>cominus</strong></span> 
     </span>
     <span class='ocr_line' id='line_1_12' title="bbox 319 2514 524 2577; baseline 0.01 -3"><span class='ocrx_word' id='word_1_80' title='bbox 319 2514 524 2577; x_wconf 90' lang='lat' dir='ltr'><strong>intuentibus.</strong></span> 
     </span>
    </p>

    <p class='ocr_par' dir='ltr' id='par_1_5' title="bbox 317 2627 1535 3159">
     <span class='ocr_line' id='line_1_13' title="bbox 357 2627 1535 2702; baseline 0.003 -15"><span class='ocrx_word' id='word_1_81' title='bbox 357 2628 492 2690; x_wconf 78' lang='lat' dir='ltr'><strong>Fractus</strong></span> <span class='ocrx_word' id='word_1_82' title='bbox 521 2643 588 2688; x_wconf 91' lang='lat' dir='ltr'><strong>non</strong></span> <span class='ocrx_word' id='word_1_83' title='bbox 618 2629 670 2688; x_wconf 89' lang='lat' dir='ltr'><strong>est</strong></span> <span class='ocrx_word' id='word_1_84' title='bbox 698 2627 919 2688; x_wconf 86' lang='lat' dir='ltr'><strong>adolescentis</strong></span> <span class='ocrx_word' id='word_1_85' title='bbox 949 2627 1095 2702; x_wconf 89' lang='lat' dir='ltr'><strong>animus,</strong></span> <span class='ocrx_word' id='word_1_86' title='bbox 1126 2642 1230 2702; x_wconf 90' lang='lat' dir='ltr'><strong>neque</strong></span> <span class='ocrx_word' id='word_1_87' title='bbox 1260 2628 1294 2688; x_wconf 90' lang='lat' dir='ltr'><strong>id</strong></span> <span class='ocrx_word' id='word_1_88' title='bbox 1316 2628 1442 2690; x_wconf 81' lang='lat' dir='ltr'><strong>ferebat</strong></span> <span class='ocrx_word' id='word_1_89' title='bbox 1464 2631 1535 2691; x_wconf 89' lang='lat' dir='ltr'><strong>eins</strong></span> 
     </span>
     <span class='ocr_line' id='line_1_14' title="bbox 319 2739 1535 2817; baseline 0.002 -16"><span class='ocrx_word' id='word_1_90' title='bbox 319 2746 404 2802; x_wconf 87' lang='lat' dir='ltr'><strong>aetas</strong></span> <span class='ocrx_word' id='word_1_91' title='bbox 425 2744 465 2802; x_wconf 92' lang='lat' dir='ltr'><strong>ut</strong></span> <span class='ocrx_word' id='word_1_92' title='bbox 482 2742 572 2803; x_wconf 86' lang='lat' dir='ltr'><strong>vitae</strong></span> <span class='ocrx_word' id='word_1_93' title='bbox 594 2740 740 2802; x_wconf 89' lang='lat' dir='ltr'><strong>taedium</strong></span> <span class='ocrx_word' id='word_1_94' title='bbox 764 2754 840 2800; x_wconf 87' lang='lat' dir='ltr'><strong>aum</strong></span> <span class='ocrx_word' id='word_1_95' title='bbox 864 2739 1036 2815; x_wconf 82' lang='lat' dir='ltr'><strong>arriperet,</strong></span> <span class='ocrx_word' id='word_1_96' title='bbox 1061 2741 1185 2814; x_wconf 82' lang='lat' dir='ltr'><strong>ingenii</strong></span> <span class='ocrx_word' id='word_1_97' title='bbox 1208 2743 1320 2802; x_wconf 87' lang='lat' dir='ltr'><strong>autem</strong></span> <span class='ocrx_word' id='word_1_98' title='bbox 1339 2743 1390 2803; x_wconf 89' lang='lat' dir='ltr'><strong>vis</strong></span> <span class='ocrx_word' id='word_1_99' title='bbox 1408 2743 1535 2817; x_wconf 88' lang='lat' dir='ltr'><strong>poetica</strong></span> 
     </span>
     <span class='ocr_line' id='line_1_15' title="bbox 319 2853 1534 2931; baseline 0.004 -18"><span class='ocrx_word' id='word_1_100' title='bbox 319 2855 411 2916; x_wconf 87' lang='lat' dir='ltr'><strong>etiam</strong></span> <span class='ocrx_word' id='word_1_101' title='bbox 442 2859 497 2917; x_wconf 88' lang='lat' dir='ltr'><strong>est</strong></span> <span class='ocrx_word' id='word_1_102' title='bbox 526 2857 642 2929; x_wconf 89' lang='lat' dir='ltr'><strong>aucta;</strong></span> <span class='ocrx_word' id='word_1_103' title='bbox 673 2854 731 2915; x_wconf 86' lang='lat' dir='ltr'><strong>sed</strong></span> <span class='ocrx_word' id='word_1_104' title='bbox 762 2853 828 2914; x_wconf 90' lang='lat' dir='ltr'><strong>alia</strong></span> <span class='ocrx_word' id='word_1_105' title='bbox 858 2855 971 2914; x_wconf 88' lang='lat' dir='ltr'><strong>mente</strong></span> <span class='ocrx_word' id='word_1_106' title='bbox 1000 2853 1154 2914; x_wconf 90' lang='lat' dir='ltr'><strong>homines</strong></span> <span class='ocrx_word' id='word_1_107' title='bbox 1184 2857 1217 2914; x_wconf 91' lang='lat' dir='ltr'><strong>et</strong></span> <span class='ocrx_word' id='word_1_108' title='bbox 1240 2870 1293 2915; x_wconf 90' lang='lat' dir='ltr'><strong>res</strong></span> <span class='ocrx_word' id='word_1_109' title='bbox 1316 2855 1441 2931; x_wconf 88' lang='lat' dir='ltr'><strong>patrias</strong></span> <span class='ocrx_word' id='word_1_110' title='bbox 1464 2871 1534 2918; x_wconf 89' lang='lat' dir='ltr'><strong>con·</strong></span> 
     </span>
     <span class='ocr_line' id='line_1_16' title="bbox 318 2965 1534 3046; baseline 0.002 -18"><span class='ocrx_word' id='word_1_111' title='bbox 318 2969 433 3045; x_wconf 80' lang='lat' dir='ltr'><strong>spexit,</strong></span> <span class='ocrx_word' id='word_1_112' title='bbox 465 2971 643 3046; x_wconf 83' lang='lat' dir='ltr'><strong>postquam</strong></span> <span class='ocrx_word' id='word_1_113' title='bbox 673 2982 782 3044; x_wconf 86' lang='lat' dir='ltr'><strong>spem,</strong></span> <span class='ocrx_word' id='word_1_114' title='bbox 814 2981 912 3039; x_wconf 89' lang='lat' dir='ltr'><strong>quam</strong></span> <span class='ocrx_word' id='word_1_115' title='bbox 945 2965 1063 3027; x_wconf 91' lang='lat' dir='ltr'><strong>intimo</strong></span> <span class='ocrx_word' id='word_1_116' title='bbox 1094 2967 1190 3028; x_wconf 88' lang='lat' dir='ltr'><strong>corde</strong></span> <span class='ocrx_word' id='word_1_117' title='bbox 1213 2983 1271 3042; x_wconf 89' lang='lat' dir='ltr'><strong>per</strong></span> <span class='ocrx_word' id='word_1_118' title='bbox 1292 2967 1408 3042; x_wconf 81' lang='lat' dir='ltr'><strong>longos</strong></span> <span class='ocrx_word' id='word_1_119' title='bbox 1430 2984 1534 3030; x_wconf 89' lang='lat' dir='ltr'><strong>annos</strong></span> 
     </span>
     <span class='ocr_line' id='line_1_17' title="bbox 317 3079 1534 3159; baseline 0.003 -20"><span class='ocrx_word' id='word_1_120' title='bbox 317 3079 451 3159; x_wconf 88' lang='lat' dir='ltr'><strong>leverat,</strong></span> <span class='ocrx_word' id='word_1_121' title='bbox 486 3082 692 3144; x_wconf 85' lang='lat' dir='ltr'><strong>abiciendam</strong></span> <span class='ocrx_word' id='word_1_122' title='bbox 727 3080 842 3142; x_wconf 87' lang='lat' dir='ltr'><strong>sensit.</strong></span> <span class='ocrx_word' id='word_1_123' title='bbox 873 3079 1043 3156; x_wconf 84' lang='lat' dir='ltr'><strong>Virorum,</strong></span> <span class='ocrx_word' id='word_1_124' title='bbox 1074 3095 1158 3154; x_wconf 89' lang='lat' dir='ltr'><strong>quos</strong></span> <span class='ocrx_word' id='word_1_125' title='bbox 1187 3095 1244 3156; x_wconf 91' lang='lat' dir='ltr'><strong>per</strong></span> <span class='ocrx_word' id='word_1_126' title='bbox 1271 3080 1413 3155; x_wconf 86' lang='lat' dir='ltr'><strong>primam</strong></span> <span class='ocrx_word' id='word_1_127' title='bbox 1445 3083 1534 3144; x_wconf 90' lang='lat' dir='ltr'><strong>vitae</strong></span> 
     </span>
    </p>
   </div>
   <div class='ocr_carea' id='block_1_5' title="bbox 317 3193 1533 3710">
    <p class='ocr_par' dir='ltr' id='par_1_6' title="bbox 317 3193 1533 3399">
     <span class='ocr_line' id='line_1_18' title="bbox 317 3193 1533 3273; baseline -0.001 -16"><span class='ocrx_word' id='word_1_128' title='bbox 317 3198 437 3268; x_wconf 87' lang='lat' dir='ltr'><strong>partem</strong></span> <span class='ocrx_word' id='word_1_129' title='bbox 461 3196 597 3273; x_wconf 90' lang='lat' dir='ltr'><strong>plurimi</strong></span> <span class='ocrx_word' id='word_1_130' title='bbox 620 3196 758 3270; x_wconf 87' lang='lat' dir='ltr'><strong>iecerat,</strong></span> <span class='ocrx_word' id='word_1_131' title='bbox 782 3193 945 3267; x_wconf 82' lang='lat' dir='ltr'><strong>quentilla</strong></span> <span class='ocrx_word' id='word_1_132' title='bbox 966 3196 1057 3255; x_wconf 91' lang='lat' dir='ltr'><strong>esset</strong></span> <span class='ocrx_word' id='word_1_133' title='bbox 1079 3194 1257 3272; x_wconf 82' lang='lat' dir='ltr'><strong>sagacitas,</strong></span> <span class='ocrx_word' id='word_1_134' title='bbox 1275 3196 1437 3270; x_wconf 82' lang='lat' dir='ltr'><strong>quentilla</strong></span> <span class='ocrx_word' id='word_1_135' title='bbox 1454 3195 1533 3256; x_wconf 89' lang='lat' dir='ltr'><strong>inte·</strong></span> 
     </span>
     <span class='ocr_line' id='line_1_19' title="bbox 317 3307 1401 3399; baseline 0.003 -32"><span class='ocrx_word' id='word_1_136' title='bbox 317 3310 428 3385; x_wconf 73' lang='lat' dir='ltr'><strong>giltas,</strong></span> <span class='ocrx_word' id='word_1_137' title='bbox 453 3309 637 3399; x_wconf 84' lang='lat' dir='ltr'><strong>quantillus</strong></span> <span class='ocrx_word' id='word_1_138' title='bbox 658 3309 786 3385; x_wconf 89' lang='lat' dir='ltr'><strong>patriae</strong></span> <span class='ocrx_word' id='word_1_139' title='bbox 808 3321 912 3383; x_wconf 90' lang='lat' dir='ltr'><strong>amor,</strong></span> <span class='ocrx_word' id='word_1_140' title='bbox 936 3307 1038 3368; x_wconf 88' lang='lat' dir='ltr'><strong>nimis</strong></span> <span class='ocrx_word' id='word_1_141' title='bbox 1060 3307 1147 3369; x_wconf 89' lang='lat' dir='ltr'><strong>clare</strong></span> <span class='ocrx_word' id='word_1_142' title='bbox 1170 3309 1235 3369; x_wconf 90' lang='lat' dir='ltr'><strong>lam</strong></span> <span class='ocrx_word' id='word_1_143' title='bbox 1261 3309 1401 3371; x_wconf 88' lang='lat' dir='ltr'><strong>videbat.</strong></span> 
     </span>
    </p>

    <p class='ocr_par' dir='ltr' id='par_1_7' title="bbox 318 3422 1533 3710">
     <span class='ocr_line' id='line_1_20' title="bbox 356 3422 1532 3498; baseline 0.001 -15"><span class='ocrx_word' id='word_1_144' title='bbox 356 3422 416 3484; x_wconf 90' lang='lat' dir='ltr'><strong>Per</strong></span> <span class='ocrx_word' id='word_1_145' title='bbox 438 3438 499 3484; x_wconf 84' lang='lat' dir='ltr'><strong>sex</strong></span> <span class='ocrx_word' id='word_1_146' title='bbox 519 3438 639 3498; x_wconf 89' lang='lat' dir='ltr'><strong>annos,</strong></span> <span class='ocrx_word' id='word_1_147' title='bbox 661 3423 716 3496; x_wconf 89' lang='lat' dir='ltr'><strong>qui</strong></span> <span class='ocrx_word' id='word_1_148' title='bbox 738 3423 998 3483; x_wconf 88' lang='lat' dir='ltr'><strong>intercesserunt</strong></span> <span class='ocrx_word' id='word_1_149' title='bbox 1018 3423 1105 3482; x_wconf 90' lang='lat' dir='ltr'><strong>inter</strong></span> <span class='ocrx_word' id='word_1_150' title='bbox 1124 3436 1236 3496; x_wconf 88' lang='lat' dir='ltr'><strong>pacem</strong></span> <span class='ocrx_word' id='word_1_151' title='bbox 1257 3423 1369 3483; x_wconf 85' lang='lat' dir='ltr'><strong>Niciae</strong></span> <span class='ocrx_word' id='word_1_152' title='bbox 1388 3425 1421 3484; x_wconf 84' lang='lat' dir='ltr'><strong>et</strong></span> <span class='ocrx_word' id='word_1_153' title='bbox 1440 3437 1532 3498; x_wconf 85' lang='lat' dir='ltr'><strong>expe·</strong></span> 
     </span>
     <span class='ocr_line' id='line_1_21' title="bbox 318 3521 1533 3611; baseline 0 -15"><span class='ocrx_word' id='word_1_154' title='bbox 318 3535 468 3597; x_wconf 82' lang='lat' dir='ltr'><strong>ditionem</strong></span> <span class='ocrx_word' id='word_1_155' title='bbox 500 3535 663 3611; x_wconf 82' lang='lat' dir='ltr'><strong>Siculam,</strong></span> <span class='ocrx_word' id='word_1_156' title='bbox 693 3535 935 3610; x_wconf 84' lang='lat' dir='ltr'><strong>Aristophanes</strong></span> <span class='ocrx_word' id='word_1_157' title='bbox 954 3521 1038 3608; x_wconf 89' lang='lat' dir='ltr'><strong>quas</strong></span> <span class='ocrx_word' id='word_1_158' title='bbox 1060 3535 1177 3596; x_wconf 87' lang='lat' dir='ltr'><strong>iecerit</strong></span> <span class='ocrx_word' id='word_1_159' title='bbox 1198 3534 1327 3596; x_wconf 82' lang='lat' dir='ltr'><strong>fabulas</strong></span> <span class='ocrx_word' id='word_1_160' title='bbox 1350 3536 1533 3610; x_wconf 85' lang='lat' dir='ltr'><strong>nescimus;</strong></span> 
     </span>
     <span class='ocr_line' id='line_1_22' title="bbox 318 3647 1532 3710; baseline -0.001 -1"><span class='ocrx_word' id='word_1_161' title='bbox 318 3662 389 3710; x_wconf 91' lang='lat' dir='ltr'><strong>nam</strong></span> <span class='ocrx_word' id='word_1_162' title='bbox 419 3649 528 3710; x_wconf 86' lang='lat' dir='ltr'><strong>nullas</strong></span> <span class='ocrx_word' id='word_1_163' title='bbox 555 3664 633 3710; x_wconf 91' lang='lat' dir='ltr'><strong>eum</strong></span> <span class='ocrx_word' id='word_1_164' title='bbox 660 3649 778 3710; x_wconf 87' lang='lat' dir='ltr'><strong>iecisse</strong></span> <span class='ocrx_word' id='word_1_165' title='bbox 801 3663 867 3708; x_wconf 90' lang='lat' dir='ltr'><strong>non</strong></span> <span class='ocrx_word' id='word_1_166' title='bbox 890 3651 943 3708; x_wconf 90' lang='lat' dir='ltr'><strong>est</strong></span> <span class='ocrx_word' id='word_1_167' title='bbox 966 3647 1128 3708; x_wconf 88' lang='lat' dir='ltr'><strong>credibile.</strong></span> <span class='ocrx_word' id='word_1_168' title='bbox 1152 3648 1300 3709; x_wconf 88' lang='lat' dir='ltr'><strong>Primum</strong></span> <span class='ocrx_word' id='word_1_169' title='bbox 1325 3654 1436 3708; x_wconf 90' lang='lat' dir='ltr'><strong>autem</strong></span> <span class='ocrx_word' id='word_1_170' title='bbox 1457 3664 1532 3709; x_wconf 90' lang='lat' dir='ltr'><strong>cum</strong></span> 
     </span>
    </p>
   </div>
   <div class='ocr_carea' id='block_1_6' title="bbox 317 3760 1534 5082">
    <p class='ocr_par' dir='ltr' id='par_1_8' title="bbox 317 3760 1534 4290">
     <span class='ocr_line' id='line_1_23' title="bbox 318 3760 1532 3839; baseline 0.002 -19"><span class='ocrx_word' id='word_1_171' title='bbox 318 3761 416 3824; x_wconf 84' lang='lat' dir='ltr'><strong>denuo</strong></span> <span class='ocrx_word' id='word_1_172' title='bbox 450 3763 630 3839; x_wconf 91' lang='lat' dir='ltr'><strong>percipitur</strong></span> <span class='ocrx_word' id='word_1_173' title='bbox 663 3762 735 3823; x_wconf 92' lang='lat' dir='ltr'><strong>eius</strong></span> <span class='ocrx_word' id='word_1_174' title='bbox 769 3777 847 3835; x_wconf 84' lang='lat' dir='ltr'><strong>vox,</strong></span> <span class='ocrx_word' id='word_1_175' title='bbox 882 3761 969 3822; x_wconf 89' lang='lat' dir='ltr'><strong>alius</strong></span> <span class='ocrx_word' id='word_1_176' title='bbox 1004 3760 1081 3821; x_wconf 89' lang='lat' dir='ltr'><strong>huic</strong></span> <span class='ocrx_word' id='word_1_177' title='bbox 1114 3764 1166 3822; x_wconf 87' lang='lat' dir='ltr'><strong>est</strong></span> <span class='ocrx_word' id='word_1_178' title='bbox 1199 3776 1302 3822; x_wconf 86' lang='lat' dir='ltr'><strong>sonus</strong></span> <span class='ocrx_word' id='word_1_179' title='bbox 1330 3777 1429 3836; x_wconf 89' lang='lat' dir='ltr'><strong>quam</strong></span> <span class='ocrx_word' id='word_1_180' title='bbox 1460 3764 1532 3822; x_wconf 89' lang='lat' dir='ltr'><strong>tum</strong></span> 
     </span>
     <span class='ocr_line' id='line_1_24' title="bbox 317 3872 1533 3950; baseline 0 -16"><span class='ocrx_word' id='word_1_181' title='bbox 317 3873 432 3943; x_wconf 88' lang='lat' dir='ltr'><strong>luerat,</strong></span> <span class='ocrx_word' id='word_1_182' title='bbox 462 3891 538 3937; x_wconf 93' lang='lat' dir='ltr'><strong>cum</strong></span> <span class='ocrx_word' id='word_1_183' title='bbox 566 3890 705 3937; x_wconf 92' lang='lat' dir='ltr'><strong>aureum</strong></span> <span class='ocrx_word' id='word_1_184' title='bbox 728 3889 848 3936; x_wconf 90' lang='lat' dir='ltr'><strong>aevum</strong></span> <span class='ocrx_word' id='word_1_185' title='bbox 872 3889 952 3950; x_wconf 89' lang='lat' dir='ltr'><strong>pace</strong></span> <span class='ocrx_word' id='word_1_186' title='bbox 974 3873 1059 3933; x_wconf 89' lang='lat' dir='ltr'><strong>inita</strong></span> <span class='ocrx_word' id='word_1_187' title='bbox 1081 3874 1199 3933; x_wconf 86' lang='lat' dir='ltr'><strong>statim</strong></span> <span class='ocrx_word' id='word_1_188' title='bbox 1223 3873 1415 3935; x_wconf 84' lang='lat' dir='ltr'><strong>adiuturum</strong></span> <span class='ocrx_word' id='word_1_189' title='bbox 1439 3872 1533 3935; x_wconf 88' lang='lat' dir='ltr'><strong>conil-</strong></span> 
     </span>
     <span class='ocr_line' id='line_1_25' title="bbox 318 3986 1534 4064; baseline 0.002 -18"><span class='ocrx_word' id='word_1_190' title='bbox 318 3987 506 4051; x_wconf 81' lang='lat' dir='ltr'><strong>(lentissime</strong></span> <span class='ocrx_word' id='word_1_191' title='bbox 525 3987 721 4050; x_wconf 87' lang='lat' dir='ltr'><strong>celebrabat.</strong></span> <span class='ocrx_word' id='word_1_192' title='bbox 741 3987 813 4048; x_wconf 84' lang='lat' dir='ltr'><strong>Non</strong></span> <span class='ocrx_word' id='word_1_193' title='bbox 832 3988 899 4048; x_wconf 90' lang='lat' dir='ltr'><strong>iam</strong></span> <span class='ocrx_word' id='word_1_194' title='bbox 919 3987 1049 4062; x_wconf 87' lang='lat' dir='ltr'><strong>praesto</strong></span> <span class='ocrx_word' id='word_1_195' title='bbox 1067 3986 1099 4046; x_wconf 91' lang='lat' dir='ltr'><strong>ei</strong></span> <span class='ocrx_word' id='word_1_196' title='bbox 1117 4001 1191 4047; x_wconf 89' lang='lat' dir='ltr'><strong>esse</strong></span> <span class='ocrx_word' id='word_1_197' title='bbox 1209 3987 1364 4047; x_wconf 91' lang='lat' dir='ltr'><strong>videntur</strong></span> <span class='ocrx_word' id='word_1_198' title='bbox 1375 3987 1534 4064; x_wconf 89' lang='lat' dir='ltr'><strong>remedia,</strong></span> 
     </span>
     <span class='ocr_line' id='line_1_26' title="bbox 317 4099 1533 4178; baseline 0.003 -20"><span class='ocrx_word' id='word_1_199' title='bbox 317 4099 430 4172; x_wconf 89' lang='lat' dir='ltr'><strong>quibus</strong></span> <span class='ocrx_word' id='word_1_200' title='bbox 451 4102 578 4178; x_wconf 89' lang='lat' dir='ltr'><strong>patriae</strong></span> <span class='ocrx_word' id='word_1_201' title='bbox 600 4101 739 4162; x_wconf 90' lang='lat' dir='ltr'><strong>vulnera</strong></span> <span class='ocrx_word' id='word_1_202' title='bbox 760 4103 933 4176; x_wconf 89' lang='lat' dir='ltr'><strong>sanentur,</strong></span> <span class='ocrx_word' id='word_1_203' title='bbox 958 4114 1065 4174; x_wconf 91' lang='lat' dir='ltr'><strong>neque</strong></span> <span class='ocrx_word' id='word_1_204' title='bbox 1086 4099 1134 4159; x_wconf 90' lang='lat' dir='ltr'><strong>ita</strong></span> <span class='ocrx_word' id='word_1_205' title='bbox 1149 4099 1294 4173; x_wconf 89' lang='lat' dir='ltr'><strong>loquitur</strong></span> <span class='ocrx_word' id='word_1_206' title='bbox 1311 4101 1404 4172; x_wconf 87' lang='lat' dir='ltr'><strong>quasi</strong></span> <span class='ocrx_word' id='word_1_207' title='bbox 1424 4115 1533 4162; x_wconf 91' lang='lat' dir='ltr'><strong>rerum</strong></span> 
     </span>
     <span class='ocr_line' id='line_1_27' title="bbox 317 4211 863 4290; baseline 0 -17"><span class='ocrx_word' id='word_1_208' title='bbox 317 4211 495 4276; x_wconf 82' lang='lat' dir='ltr'><strong>mturarum</strong></span> <span class='ocrx_word' id='word_1_209' title='bbox 519 4214 668 4290; x_wconf 87' lang='lat' dir='ltr'><strong>praescia</strong></span> <span class='ocrx_word' id='word_1_210' title='bbox 688 4213 736 4274; x_wconf 89' lang='lat' dir='ltr'><strong>sit</strong></span> <span class='ocrx_word' id='word_1_211' title='bbox 756 4227 863 4273; x_wconf 89' lang='lat' dir='ltr'><strong>mens.</strong></span> 
     </span>
    </p>

    <p class='ocr_par' dir='ltr' id='par_1_9' title="bbox 317 4325 1534 4629">
     <span class='ocr_line' id='line_1_28' title="bbox 355 4325 1533 4405; baseline 0 -19"><span class='ocrx_word' id='word_1_212' title='bbox 355 4327 461 4391; x_wconf 92' lang='lat' dir='ltr'><strong>Immo</strong></span> <span class='ocrx_word' id='word_1_213' title='bbox 490 4328 569 4405; x_wconf 86' lang='lat' dir='ltr'><strong>quid</strong></span> <span class='ocrx_word' id='word_1_214' title='bbox 592 4343 666 4389; x_wconf 91' lang='lat' dir='ltr'><strong>cras</strong></span> <span class='ocrx_word' id='word_1_215' title='bbox 688 4326 839 4388; x_wconf 76' lang='lat' dir='ltr'><strong>futurum</strong></span> <span class='ocrx_word' id='word_1_216' title='bbox 863 4327 908 4387; x_wconf 88' lang='lat' dir='ltr'><strong>sit</strong></span> <span class='ocrx_word' id='word_1_217' title='bbox 930 4340 1086 4402; x_wconf 87' lang='lat' dir='ltr'><strong>quaerere</strong></span> <span class='ocrx_word' id='word_1_218' title='bbox 1109 4328 1218 4401; x_wconf 84' lang='lat' dir='ltr'><strong>magis</strong></span> <span class='ocrx_word' id='word_1_219' title='bbox 1240 4327 1412 4401; x_wconf 85' lang='lat' dir='ltr'><strong>magisque</strong></span> <span class='ocrx_word' id='word_1_220' title='bbox 1434 4325 1533 4402; x_wconf 75' lang='lat' dir='ltr'><strong>fugit,</strong></span> 
     </span>
     <span class='ocr_line' id='line_1_29' title="bbox 317 4439 1534 4516; baseline 0.001 -18"><span class='ocrx_word' id='word_1_221' title='bbox 317 4441 347 4498; x_wconf 89' lang='lat' dir='ltr'><strong>et</strong></span> <span class='ocrx_word' id='word_1_222' title='bbox 367 4443 493 4516; x_wconf 87' lang='lat' dir='ltr'><strong>patriae</strong></span> <span class='ocrx_word' id='word_1_223' title='bbox 515 4443 670 4503; x_wconf 89' lang='lat' dir='ltr'><strong>metuens</strong></span> <span class='ocrx_word' id='word_1_224' title='bbox 693 4440 909 4516; x_wconf 89' lang='lat' dir='ltr'><strong>pluraquam</strong></span> <span class='ocrx_word' id='word_1_225' title='bbox 933 4454 1071 4514; x_wconf 87' lang='lat' dir='ltr'><strong>sperans</strong></span> <span class='ocrx_word' id='word_1_226' title='bbox 1094 4455 1114 4500; x_wconf 89' lang='lat' dir='ltr'><strong>a</strong></span> <span class='ocrx_word' id='word_1_227' title='bbox 1137 4440 1235 4500; x_wconf 87' lang='lat' dir='ltr'><strong>robus</strong></span> <span class='ocrx_word' id='word_1_228' title='bbox 1258 4439 1400 4515; x_wconf 90' lang='lat' dir='ltr'><strong>publicis</strong></span> <span class='ocrx_word' id='word_1_229' title='bbox 1422 4440 1534 4501; x_wconf 87' lang='lat' dir='ltr'><strong>oculos</strong></span> 
     </span>
     <span class='ocr_line' id='line_1_30' title="bbox 317 4553 930 4629; baseline 0.002 -16"><span class='ocrx_word' id='word_1_230' title='bbox 317 4557 472 4623; x_wconf 85' lang='lat' dir='ltr'><strong>quantum</strong></span> <span class='ocrx_word' id='word_1_231' title='bbox 494 4554 644 4616; x_wconf 90' lang='lat' dir='ltr'><strong>maxime</strong></span> <span class='ocrx_word' id='word_1_232' title='bbox 666 4554 776 4629; x_wconf 89' lang='lat' dir='ltr'><strong>potest</strong></span> <span class='ocrx_word' id='word_1_233' title='bbox 799 4553 930 4615; x_wconf 88' lang='lat' dir='ltr'><strong>avertit.</strong></span> 
     </span>
    </p>

    <p class='ocr_par' dir='ltr' id='par_1_10' title="bbox 357 4667 837 4743">
     <span class='ocr_line' id='line_1_31' title="bbox 357 4667 837 4743; baseline -0.002 -16"><span class='ocrx_word' id='word_1_234' title='bbox 357 4667 518 4743; x_wconf 82' lang='lat' dir='ltr'><strong>Quorsum</strong></span> <span class='ocrx_word' id='word_1_235' title='bbox 540 4682 620 4729; x_wconf 90' lang='lat' dir='ltr'><strong>vero</strong></span> <span class='ocrx_word' id='word_1_236' title='bbox 643 4667 837 4728; x_wconf 82' lang='lat' dir='ltr'><strong>convertat?</strong></span> 
     </span>
    </p>

    <p class='ocr_par' dir='ltr' id='par_1_11' title="bbox 318 4778 1534 5082">
     <span class='ocr_line' id='line_1_32' title="bbox 357 4778 1534 4857; baseline 0 -17"><span class='ocrx_word' id='word_1_237' title='bbox 357 4780 479 4843; x_wconf 82' lang='lat' dir='ltr'><strong>Attolle</strong></span> <span class='ocrx_word' id='word_1_238' title='bbox 509 4785 621 4857; x_wconf 88' lang='lat' dir='ltr'><strong>eaput,</strong></span> <span class='ocrx_word' id='word_1_239' title='bbox 653 4795 673 4840; x_wconf 93' lang='lat' dir='ltr'><strong>o</strong></span> <span class='ocrx_word' id='word_1_240' title='bbox 703 4782 815 4856; x_wconf 86' lang='lat' dir='ltr'><strong>poetal</strong></span> <span class='ocrx_word' id='word_1_241' title='bbox 848 4779 932 4840; x_wconf 90' lang='lat' dir='ltr'><strong>Illuc</strong></span> <span class='ocrx_word' id='word_1_242' title='bbox 957 4778 1056 4840; x_wconf 89' lang='lat' dir='ltr'><strong>tende</strong></span> <span class='ocrx_word' id='word_1_243' title='bbox 1077 4779 1199 4856; x_wconf 88' lang='lat' dir='ltr'><strong>aciem,</strong></span> <span class='ocrx_word' id='word_1_244' title='bbox 1223 4779 1278 4839; x_wconf 94' lang='lat' dir='ltr'><strong>ubi</strong></span> <span class='ocrx_word' id='word_1_245' title='bbox 1301 4794 1381 4839; x_wconf 91' lang='lat' dir='ltr'><strong>vera</strong></span> <span class='ocrx_word' id='word_1_246' title='bbox 1401 4781 1459 4840; x_wconf 89' lang='lat' dir='ltr'><strong>tua</strong></span> <span class='ocrx_word' id='word_1_247' title='bbox 1482 4783 1534 4840; x_wconf 89' lang='lat' dir='ltr'><strong>est</strong></span> 
     </span>
     <span class='ocr_line' id='line_1_33' title="bbox 318 4892 1531 4969; baseline 0.001 -16"><span class='ocrx_word' id='word_1_248' title='bbox 318 4895 433 4965; x_wconf 86' lang='lat' dir='ltr'><strong>patria!</strong></span> <span class='ocrx_word' id='word_1_249' title='bbox 466 4895 548 4956; x_wconf 89' lang='lat' dir='ltr'><strong>lllnc</strong></span> <span class='ocrx_word' id='word_1_250' title='bbox 571 4893 626 4954; x_wconf 91' lang='lat' dir='ltr'><strong>ubi</strong></span> <span class='ocrx_word' id='word_1_251' title='bbox 648 4893 725 4954; x_wconf 89' lang='lat' dir='ltr'><strong>inde</strong></span> <span class='ocrx_word' id='word_1_252' title='bbox 748 4908 768 4954; x_wconf 90' lang='lat' dir='ltr'><strong>a</strong></span> <span class='ocrx_word' id='word_1_253' title='bbox 790 4893 898 4969; x_wconf 88' lang='lat' dir='ltr'><strong>prima</strong></span> <span class='ocrx_word' id='word_1_254' title='bbox 920 4892 1062 4969; x_wconf 87' lang='lat' dir='ltr'><strong>pueritia</strong></span> <span class='ocrx_word' id='word_1_255' title='bbox 1083 4907 1159 4954; x_wconf 89' lang='lat' dir='ltr'><strong>eam</strong></span> <span class='ocrx_word' id='word_1_256' title='bbox 1182 4892 1376 4966; x_wconf 87' lang='lat' dir='ltr'><strong>quaesivisti</strong></span> <span class='ocrx_word' id='word_1_257' title='bbox 1398 4892 1531 4954; x_wconf 88' lang='lat' dir='ltr'><strong>inscius.</strong></span> 
     </span>
     <span class='ocr_line' id='line_1_34' title="bbox 319 5005 1532 5082; baseline -0.001 -17"><span class='ocrx_word' id='word_1_258' title='bbox 319 5005 383 5067; x_wconf 82' lang='lat' dir='ltr'><strong>Non</strong></span> <span class='ocrx_word' id='word_1_259' title='bbox 411 5007 555 5070; x_wconf 85' lang='lat' dir='ltr'><strong>induro</strong></span> <span class='ocrx_word' id='word_1_260' title='bbox 586 5008 685 5069; x_wconf 90' lang='lat' dir='ltr'><strong>huius</strong></span> <span class='ocrx_word' id='word_1_261' title='bbox 715 5007 804 5069; x_wconf 86' lang='lat' dir='ltr'><strong>vitae</strong></span> <span class='ocrx_word' id='word_1_262' title='bbox 832 5006 904 5068; x_wconf 86' lang='lat' dir='ltr'><strong>solo</strong></span> <span class='ocrx_word' id='word_1_263' title='bbox 934 5006 1077 5067; x_wconf 85' lang='lat' dir='ltr'><strong>inveniri</strong></span> <span class='ocrx_word' id='word_1_264' title='bbox 1106 5005 1216 5082; x_wconf 90' lang='lat' dir='ltr'><strong>potuit</strong></span> <span class='ocrx_word' id='word_1_265' title='bbox 1246 5006 1348 5081; x_wconf 77' lang='lat' dir='ltr'><strong>regio,</strong></span> <span class='ocrx_word' id='word_1_266' title='bbox 1376 5020 1475 5080; x_wconf 89' lang='lat' dir='ltr'><strong>quam</strong></span> <span class='ocrx_word' id='word_1_267' title='bbox 1498 5005 1532 5064; x_wconf 89' lang='lat' dir='ltr'><strong>in</strong></span> 
     </span>
    </p>
   </div>
   <div class='ocr_carea' id='block_1_7' title="bbox 0 0 2192 6279">
    <p class='ocr_par' dir='ltr' id='par_1_12' title="bbox 0 0 2192 6279">
     <span class='ocr_line' id='line_1_35' title="bbox 0 0 2192 6279; baseline 0 0"><span class='ocrx_word' id='word_1_268' title='bbox 0 0 2192 6279; x_wconf 95' lang='lat' dir='ltr'><strong> </strong></span> 
     </span>
    </p>
   </div>
  </div>
 </body>
</html>
