4375 6284
1081 972 1124 1017 DE
1146 972 1254 1018 TfflU
1277 972 1429 1018 suanno,

952 1140 1011 1204 κᾶν
1034 1146 1175 1206 Βοιωτῶν
1197 1166 1230 1224 γε
1252 1141 1401 1223 φέροντας
1424 1143 1500 1206 ἰδεῖν

953 1265 1047 1336 χῆνας
1070 1255 1127 1318 κτλ.

641 1373 705 1434 Ubi
736 1371 945 1434 scribendum
975 1387 1050 1433 esse
1080 1373 1114 1433 id
1137 1373 1223 1448 quod
1245 1373 1393 1434 restituit
1415 1373 1585 1436 Hamaksr
1608 1370 1648 1434 ἐκ
1671 1373 1855 1454 Μεγάραν

579 1470 581 1474 ’
640 1489 784 1548 testatur
813 1488 899 1560 quod
929 1487 1118 1561 oppositum
1142 1489 1196 1548 est
1225 1484 1276 1546 καλ
1305 1483 1338 1546 ἐκ
1365 1489 1507 1548 Βοιωτῶν
1529 1509 1569 1567 γε.
1593 1488 1635 1549 iit
1656 1488 1740 1564 legit
1762 1487 1854 1563 liega-

642 1615 755 1661 rorum
778 1614 898 1661 nomen
922 1600 995 1675 ipse
1019 1600 1212 1661 scholiasta.

731 1713 819 1776 Eccl.
845 1714 922 1777 979.

1441 1827 1524 1904 τίνας

840 1939 878 2002 οὐ
900 1939 953 2001 τὸν
975 1936 1015 2001 ολ
1036 1934 1234 2020 βινοῦνθ’,
1254 1937 1292 2002 ὃν
1314 1941 1353 2002 σὺ
1376 1942 1549 2025 προσδοκᾷς
1571 1942 1653 2015 λσας.

642 2056 825 2119 contextus
854 2059 888 2119 ot
916 2058 977 2119 hoc
1007 2057 1079 2121 loco
1109 2058 1218 2134 poscit
1245 2073 1360 2120 κοοιοιι
1377 2059 1567 2134 proprium:
1591 2057 1732 2134 Bentley
1754 2055 1792 2118 od
1813 2055 1861 2116 τὸν

641 2172 818 2251 Σεβῖνον
841 2171 915 2234 coll.
939 2171 1011 2234 loco
1034 2172 1202 2234 consimili
1224 2172 1309 2234 Ran.
1333 2173 1411 2234 427.

730 2286 827 2363 vesp.
853 2286 930 2347 217.

908 2398 947 2478 νὴ
970 2398 1023 2462 τὸν
1046 2395 1098 2462 Δί’
1125 2396 1183 2476 dui
1206 2399 1277 2481 γὰρ
1299 2398 1482 2478 ἀνεστήκασι
1506 2409 1573 2461 νῦν.

642 2516 718 2590 Leg.
749 2509 807 2592 lei
836 2508 911 2594 τᾶρ’
943 2514 1119 2591 (Lenting).
1150 2515 1281 2577 Passim
1304 2519 1339 2576 et
1361 2515 1440 2576 alibi
1470 2514 1526 2595 γάρ
1549 2517 1602 2576 est
1623 2515 1789 2591 scriptum
1811 2527 1865 2589 pro

641 2625 701 2709 τᾶρ’
738 2635 795 2702 (τοι
829 2627 909 2710 ἄρα).
944 2630 1015 2692 Ηοο
1047 2628 1119 2693 Ιοοο
1142 2645 1200 2708 per
1232 2630 1497 2707 paradiorthosin
1526 2630 1561 2690 in
1590 2635 1668 2709 γοῦν
1697 2632 1863 2691 mutatum

641 2744 766 2806 habent
789 2744 919 2808 codices
942 2745 1124 2820 aequiores.

730 2859 829 2936 Vesp.
853 2860 929 2921 651.

798 2972 944 3033 ἰάσασθαι
968 2971 1062 3033 νόσον
1086 2969 1214 3052 ἀρχαίαν
1238 2969 1271 3033 ἐν
1293 2981 1329 3056 σῇ
1351 2971 1436 3032 πόλει
1458 2968 1728 3032 ἐντετοκυῖαν.

641 3088 718 3164 Leg.
744 3085 1019 3165 ἐντετοκυῖαν,
1042 3101 1127 3161 quae
1149 3087 1203 3148 est
1225 3086 1358 3164 emenia
1378 3085 1506 3147 Reiskii
1528 3085 1727 3148 emendatio.

730 3200 805 3264 Pac.
833 3203 928 3264 1134.

908 3311 1013 3389 ἕκαλος
1034 3322 1094 3375 τῶν
1119 3315 1217 3388 ξύλων
1240 3308 1304 3374 ὅντ’
1329 3306 1411 3398 defi

908 3428 1058 3490 δανότατα
1081 3425 1273 3509 τοῦθέρους
1296 3425 1606 3506 ἐκπεπρισμένα.

686 3543 739 3604 Sic
761 3542 789 3601 V
811 3545 846 3605 et
867 3543 896 3605 R
919 3543 1126 3606 claudicante
1149 3548 1273 3619 mstr03
1297 3544 1351 3606 cui
1374 3543 1457 3606 vitio
1479 3547 1519 3605 ut
1539 3542 1729 3604 mederetur
1746 3540 1868 3602 sciolus

641 3657 774 3734 aliquis,
809 3657 983 3719 substituit
1017 3658 1156 3720 verbum
1189 3672 1326 3736 prorsus
1354 3656 1535 3718 absurdum
1568 3657 1654 3732 quod
1683 3655 1806 3731 legitui
1834 3655 1866 3713 in

641 3769 862 3846 sequioribus:
893 3767 1195 3847 λκαεκιεσμλνα.
1221 3771 1400 3846 Aliquanto
1423 3771 1578 3846 sagacius
1600 3769 1708 3832 Bothe
1731 3803 1775 3814 -
1797 3765 1865 3844 τρά-

640 3901 737 3957 τιστος
767 3880 810 3944 ὢν
832 3882 923 3957 αὐτὸς
946 3882 1055 3946 ἑαυτοῦ
1078 3883 1130 3944 καλ
1152 3887 1273 3962 πλῆθος
1296 3879 1449 3962 ἁμαρτιῶν
1471 3884 1633 3944 καλύπτων
1658 3915 1700 3928 ·-
1723 3879 1866 3944 restitnit

643 4017 776 4064 verum:
807 3995 1299 4077 λκιοειιρ<εμν>ισμὲνων
1330 3998 1383 4060 vel
1405 4000 1519 4074 potius
1540 4019 1611 4056 ·να.

731 4116 794 4177 Αν.
819 4116 895 4176 465.

708 4227 749 4306 μὰ
774 4222 825 4287 Ai’
852 4224 926 4286 ἀλλὰ
947 4223 1045 4306 λέγειν
1068 4226 1145 4306 ζητῶ
1168 4227 1204 4287 σί
1224 4225 1345 4286 πάλαι
1368 4221 1443 4306 atyn
1466 4223 1517 4285 ιιαλ
1540 4224 1667 4304 λαρινὸν
1690 4227 1762 4302 ἔιιος
1783 4252 1817 4288 τι.

641 4343 704 4404 Pro
734 4343 763 4402 τί
791 4341 1045 4402 scribendumne
1071 4362 1099 4399 τι
1121 4343 1155 4401 et
1177 4339 1351 4402 ferendum
1376 4339 1531 4401 iteratum
1553 4341 1605 4401 ui
1626 4341 1735 4404 Immo
1757 4343 1862 4418 legen·

642 4457 720 4518 dum
744 4458 797 4518 est
818 4454 1018 4532 τρίπαλαι,
1043 4455 1129 4530 quod
1151 4455 1286 4530 scripsit
1306 4452 1408 4516 Gobet
1428 4454 1502 4516 coll.
1521 4453 1579 4529 Eo.
1606 4457 1702 4519 1155.

731 4570 809 4646 Lys.
833 4571 888 4631 ts.

1041 4676 1197 4760 καθήμεθ’
1230 4679 1527 4760 ἐξηνθισμέναι

863 4795 1041 4876 κροκωτᾶ
1070 4804 1275 4875 φοροῦσαι
1305 4794 1357 4856 καλ
1379 4795 1669 4875 κεκαλλωπισμέναι.

642 4914 695 4975 Sic
720 4913 759 4978 R.
784 4913 906 4974 Levius
936 4912 1054 4973 vitium
1079 4928 1098 4973 e
1120 4914 1150 4970 Γ
1168 4915 1221 4973 cst
1243 4914 1446 4974 correctum:
1469 4921 1857 4991 αροαατοφοροοιττ,

642 5027 777 5102 mutus
799 5027 944 5088 correxit
966 5025 1116 5102 Bentley,
1140 5041 1158 5086 s
1181 5024 1364 5087 clementis
1380 5025 1471 5087 enim
1490 5026 1708 5089 Alexandrini
1725 5023 1854 5102 quodam
