4375 6284
653 907 719 968 314
1095 927 1137 970 nn
1159 926 1268 971 nmo
1290 927 1444 973 rnnnrro.

696 1095 782 1156 Item
805 1096 889 1158 Nub.
914 1099 989 1159 994.

1449 1188 1521 1251 ἄλλο
1545 1211 1575 1250 τε
1599 1185 1696 1268 μηδὲν

741 1297 865 1378 αἰσχρὸν
888 1306 997 1379 ποιεῖν,
1021 1301 1038 1362 δ
1060 1325 1088 1362 ει
1111 1311 1164 1380 τῆς
1188 1303 1296 1376 αίδοιλς
1318 1302 1415 1382 μίλλει
1438 1300 1559 1384 τᾶγαλμ’
1585 1303 1811 1380 ἀναπλήσειν.

651 1412 774 1475 Verum
804 1416 857 1477 hic
889 1432 1019 1492 quoque
1042 1420 1220 1480 servarunt
1241 1418 1270 1478 V
1290 1423 1326 1479 et
1347 1419 1386 1497 R,
1410 1420 1475 1480 nisi
1499 1419 1584 1493 quod
1607 1415 1733 1496 μέλλεις
1753 1417 1863 1478 notent

650 1527 749 1590 ambo
776 1532 810 1589 et
831 1525 934 1610 ἄγαλμ’
961 1532 990 1592 V
1013 1533 1139 1594 omisso
1162 1533 1315 1595 articulo.
1339 1533 1513 1594 Recenlior
1538 1548 1617 1594 vero
1640 1532 1760 1607 aliquis
1779 1530 1862 1591 libro·

650 1641 720 1702 rius
743 1642 796 1702 vel
818 1647 1059 1718 grammaticus
1082 1646 1219 1707 verbum
1243 1643 1476 1724 ἀναπιμπλάναι
1489 1647 1653 1722 polluendo·
1669 1660 1769 1707 sensu
1786 1643 1862 1704 adhi-

651 1755 756 1817 bitum
790 1772 855 1819 non
891 1761 1004 1836 norat,
1044 1756 1164 1838 ἄγαλμα
1201 1762 1318 1836 βαραε
1351 1761 1428 1835 quid
1464 1763 1554 1822 esset
1586 1759 1729 1821 sciebat:
1762 1761 1864 1818 nostro

649 1869 753 1944 igitur
770 1870 842 1933 loco
861 1873 996 1948 scripsit
1014 1870 1244 1934 ἀνααλάαειν
1263 1878 1322 1937 aut
1341 1873 1606 1951 domidedun,
1626 1874 1724 1949 idque
1739 1871 1864 1933 verbum

650 1984 752 2046 nimis
773 1986 831 2046 diu
854 1985 984 2048 obsedit
1006 1987 1169 2048 editiones
1192 1991 1227 2049 et
1249 1989 1458 2050 coniecturas
1479 1988 1673 2064 provocavit
1690 1986 1830 2048 inutiles

741 2099 825 2162 Ach.
850 2101 903 2162 85.

1089 2188 1143 2250 παλ
1166 2186 1339 2270 montiis?
1365 2187 1441 2270 ἡμῖν
1464 2189 1611 2264 ὀπτοὺς

918 2301 951 2364 ἓν
974 2304 1127 2384 ιιριβάνοα
1149 2305 1236 2384 βοῦς.

650 2417 705 2478 Sic
727 2417 765 2478 R.
784 2417 907 2479 Verum
931 2422 985 2480 est
1006 2419 1167 2498 παρετίθει
1188 2414 1224 2479 θ’
1244 2415 1267 2490 ¹)
1294 2413 1368 2497 ἡμῖν
1397 2416 1514 2491 δλοὺς
1534 2419 1540 2498 Ι
1560 2416 1594 2478 ἔιι
1615 2418 1768 2498 κριβάνου
1789 2418 1868 2496 βοῦς,

650 2530 708 2592 sed
741 2531 888 2607 integros
918 2531 1020 2594 boves
1053 2534 1086 2594 in
1119 2533 1247 2594 clibano
1278 2537 1389 2595 coctos
1419 2532 1542 2608 fingere
1576 2533 1640 2593 sibi
1673 2548 1742 2594 non
1772 2531 1870 2607 potuit

650 2644 749 2705 homo
770 2644 914 2707 fortasse
937 2646 1106 2722 frugalior,
1131 2647 1183 2707 cui
1206 2648 1312 2722 ignoti
1335 2649 1448 2708 essent
1472 2646 1591 2723 persici
1614 2651 1804 2723 apparatus.

743 2762 806 2821 Av.
833 2761 884 2823 19.

833 2873 873 2936 εδ)
897 2869 926 2936 δ’
952 2873 1010 2937 οὖν
1032 2871 1075 2955 ἄρ’
1106 2874 1231 2954 ᾔστην
1254 2872 1346 2938 οὐδὲν
1368 2874 1440 2938 tuo
1464 2874 1544 2954 πλὴν
1568 2875 1700 2936 δάκνειν.

696 2989 749 3051 Sic
778 2990 807 3050 V
837 2994 872 3052 et
900 2990 942 3067 R,
974 2993 1032 3053 sed
1063 3008 1183 3054 verum
1207 3007 1281 3053 esse
1304 2991 1427 3076 ᾔστην
1449 2996 1567 3053 noram
1590 3007 1667 3053 cum
1691 2990 1794 3052 huius
1814 2987 1869 3048 loci

651 3107 828 3166 contextus
848 3104 944 3166 docet
962 3109 1037 3168 tum
1056 3122 1141 3181 qnae
1153 3106 1232 3167 alibi
1244 3106 1400 3183 leguntur
1413 3103 1505 3167 οὐδὲν
1518 3099 1580 3165 olis
1592 3105 1672 3181 πλὴν
1685 3106 1782 3175 (Ran.
1794 3103 1873 3170 740).

651 3215 742 3279 οὐδὲν
772 3217 838 3303 ᾔδει
869 3217 949 3298 πλὴν
980 3222 1090 3298 (soph.
1121 3221 1205 3283 Phil.
1241 3224 1348 3300 1010),
1372 3226 1407 3285 et
1428 3223 1666 3297 sic-interpres
1688 3221 1822 3294 quidam
1843 3217 1871 3275 in

650 3332 795 3394 scholiis

739 3447 874 3510 Thesm.
899 3450 953 3511 53.

960 3561 1086 3640 κάμπτει
1111 3560 1144 3623 δὲ
1167 3561 1237 3635 νίας
1261 3562 1358 3625 άσπί
1365 3565 1383 3625 δ
1390 3588 1434 3637 ας
1457 3562 1546 3625 ἐπῶν.

650 3674 773 3735 Verum
798 3677 832 3736 et
854 3675 935 3736 duce
958 3679 1065 3738 metro
1089 3679 1230 3739 inveniri
1253 3679 1361 3754 potuit
1383 3682 1416 3740 et
1439 3679 1576 3756 praebet
1598 3680 1735 3740 suidas:

1273 3789 1436 3868 ἁψῖδας.

738 3878 872 3941 Τὴεαια.
899 3881 974 3942 122.

872 3993 1121 4071 διανεύματα
1145 3995 1285 4073 χαρίτων.

649 4107 772 4168 Verum
796 4109 877 4184 legit
899 4110 1091 4186 scholiasta,
1117 4111 1174 4184 qni
1198 4111 1376 4188 adscripsit
1401 4107 1614 4190 ,ὀρχήμαια”.
1633 4111 1721 4174 Hinc
1739 4108 1870 4180 Bentley

649 4222 797 4283 restituit
820 4221 837 4280 δ
847 4223 1051 4300 ινεύματα.

738 4337 872 4399 Thesm.
897 4339 973 4400 704.

871 4443 938 4512 οἷον
961 4449 1048 4530 ὑμῶν
1071 4451 1219 4532 ἐξάρξω
1241 4451 1298 4532 τὴν
1320 4452 1398 4534 άγαν
1422 4453 1591 4515 αὐθαδίαν.

650 4564 866 4626 scribendum
885 4569 937 4627 est
957 4562 1134 4644 ἐξαράξω
1154 4568 1207 4630 vel
1227 4569 1337 4645 potius
1357 4570 1395 4630 3⁸
1408 4585 1494 4646 pers.
1507 4565 1865 4647 λξαράξειὼοιιθοε).

738 4679 872 4740 Thesm.
897 4680 973 4742 834.

826 4793 991 4871 προεδρίαν
1014 4789 1040 4853 ι’
1066 4793 1143 4879 αὐτῇ
1167 4794 1311 4855 δίδοσθαι
1334 4796 1511 4875 εηνίοισι
1532 4793 1585 4856 παλ
1608 4796 1729 4876 σιιίροις.

685 4997 705 5061 ¹)
723 4999 775 5050 lilii
792 5003 893 5052 molunt
909 5009 1034 5069 παρετίθει
1051 5006 1075 5051 δ’
1095 5007 1138 5054 vel
1154 5009 1303 5073 παρατιθείς.
