4375 6284
651 895 694 955 88
1167 911 1208 956 on
1231 910 1357 956 ronnas

649 1083 739 1142 esset
757 1098 862 1157 neque
880 1085 1007 1158 patriae
1025 1081 1246 1158 prosperitas,
1266 1095 1346 1151 suae
1365 1080 1512 1142 civitatis
1528 1081 1706 1156 imperium
1722 1080 1864 1156 populare

650 1194 755 1256 multo
778 1197 886 1258 acrius
908 1197 1016 1271 perosi
1039 1209 1141 1269 quam
1161 1196 1276 1255 hostes
1296 1196 1467 1270 externos,
1491 1194 1660 1270 quoniam,
1683 1209 1793 1255 rerum
1811 1195 1865 1253 nisi

649 1305 742 1369 fieret
776 1311 1008 1385 commutatio,
1046 1324 1085 1369 ea
1120 1323 1198 1384 pars
1233 1323 1253 1369 a
1285 1322 1351 1382 qua
1385 1307 1448 1381 ipsi
1478 1306 1613 1368 stabant
1643 1307 1779 1368 inferior
1807 1310 1868 1367 erat

649 1436 819 1499 mansura,
843 1437 947 1496 neque
970 1424 1018 1484 rei
1043 1421 1193 1498 publicae
1217 1421 1433 1482 moderandae
1456 1435 1550 1495 spem
1574 1419 1736 1481 hahentes
1759 1420 1866 1494 ullam,

647 1535 712 1594 nisi
746 1537 865 1596 civitae
897 1537 931 1596 in
965 1538 1123 1596 terrestre
1158 1535 1239 1595 illud
1270 1534 1468 1609 dominium,
1493 1534 1578 1607 quod
1602 1534 1681 1594 olim
1706 1539 1865 1610 tenuerat,

646 1661 798 1722 repressa
820 1648 958 1723 Spartae
984 1648 1084 1709 iussis
1107 1646 1201 1708 fleret
1224 1646 1377 1708 obnoxia.
1401 1646 1462 1706 His
1485 1645 1691 1722 hominihus,
1715 1649 1774 1720 qui
1794 1663 1870 1708 anno

646 1762 712 1821 415
743 1764 972 1835 protervorum
1002 1761 1163 1821 iuvenum
1193 1759 1317 1834 iiagitio
1347 1759 1563 1820 callidissime
1591 1760 1687 1820 abusi
1718 1760 1760 1820 ad
1791 1761 1867 1820 irau-

647 1873 790 1947 gendam
821 1875 1004 1948 potentiam
1034 1872 1217 1935 Alcibiadis
1240 1873 1442 1948 expeditioni
1473 1873 1601 1933 Siculae
1631 1888 1754 1935 nervos
1779 1876 1870 1936 succi·

646 1986 778 2062 derunt,
815 1988 1006 2062 proximum
1040 1988 1110 2047 iarn
1145 1986 1255 2046 visum
1290 1991 1343 2046 est
1372 1989 1506 2060 tempus
1535 2000 1600 2059 quo
1627 1985 1668 2046 ad
1701 1987 1793 2061 ipsos
1822 2003 1868 2047 res

645 2102 735 2160 esset
757 2100 914 2160 reditura.

689 2211 842 2273 Nondum
862 2215 975 2273 tamen
995 2214 1027 2273 id
1046 2212 1171 2272 aderat.
1191 2211 1300 2273 creati
1315 2215 1393 2272 sunt
1404 2211 1519 2272 decem
1533 2211 1594 2272 viri
1607 2213 1871 2288 extraordinarii,

646 2325 702 2398 qui
733 2330 891 2386 caverent
921 2326 1062 2399 nequid
1094 2326 1288 2385 detrimenti
1310 2327 1444 2400 caperet
1467 2324 1604 2398 civites3
1625 2341 1730 2385 naves
1761 2329 1870 2386 autem

648 2440 734 2498 mira
764 2438 932 2500 celeritate
962 2437 1154 2499 aedificatae
1184 2441 1219 2497 et
1248 2441 1384 2498 ornatae
1407 2452 1483 2498 cum
1507 2437 1614 2498 classe
1632 2437 1782 2500 hostium
1806 2438 1873 2515 pius

649 2552 754 2611 semel
785 2551 874 2612 haud
905 2551 1081 2612 infeliciter
1112 2551 1325 2626 dimicarunt,
1349 2553 1384 2610 et
1408 2583 1449 2594 -
1473 2549 1558 2622 quod
1581 2549 1655 2625 plus
1679 2551 1784 2612 etiam
1807 2566 1870 2626 pro·

649 2664 756 2739 derat,
788 2666 877 2724 certe
898 2663 1055 2740 prodesse
1079 2663 1262 2740 videbatur,
1288 2697 1327 2706 —
1352 2663 1382 2723 is
1408 2663 1465 2736 qui
1486 2678 1543 2739 per
1565 2663 1756 2738 proximum
1782 2665 1872 2726 trien·

649 2778 743 2838 nium
787 2777 868 2836 nihil
910 2777 1112 2837 intentatum
1152 2775 1332 2849 reliquerat
1370 2780 1407 2837 ut
1445 2775 1572 2852 patriae
1611 2791 1690 2836 suae
1729 2781 1873 2852 noceret,

649 2890 835 2952 Alcibiades
865 2891 965 2952 homo
996 2891 1189 2951 inconstans
1211 2904 1407 2964 morumque
1430 2890 1657 2965 intemperans
1680 2905 1758 2951 cum
1784 2894 1875 2952 novis

649 3005 767 3064 amicis
797 3004 965 3066 dissensit.
996 3003 1122 3079 Nempe
1152 3003 1255 3077 regali
1286 3003 1428 3078 hospitio
1460 3005 1638 3078 exceptum
1661 3003 1815 3077 reginam
1838 3003 1876 3063 ad

648 3116 848 3177 adulterium
878 3116 1057 3192 pellexisse
1087 3115 1178 3176 fama
1200 3114 1339 3177 ierehat.
1367 3116 1417 3176 Ad
1442 3115 1698 3190 Tissaphernem
1722 3115 1873 3178 Sardium

646 3232 815 3304 satrapam
838 3230 1005 3305 proiectus
1027 3242 1108 3289 mox
1130 3229 1231 3288 duces
1255 3227 1374 3288 classis
1394 3227 1649 3289 Atheniensium
1668 3243 1726 3304 per
1744 3227 1876 3290 litteras
1970 3245 1971 3248 ¹

647 3344 681 3403 et
709 3342 837 3418 legatos
867 3344 960 3420 adiit,
992 3357 1132 3418 sperans
1161 3342 1232 3403 iore
1262 3345 1299 3402 ut
1325 3343 1442 3404 horum
1467 3356 1566 3418 opera
1589 3357 1665 3402 cum
1689 3342 1822 3403 civibus
1844 3343 1874 3400 in

647 3455 789 3530 gratiam
817 3455 952 3533 rediret,
985 3455 1074 3532 dein,
1106 3455 1136 3516 si
1160 3470 1201 3515 ex
1225 3453 1327 3516 exilio
1350 3458 1526 3516 revocatus
1549 3457 1652 3530 esset,
1676 3457 1714 3516 ut
1733 3455 1877 3518 Persicis

646 3569 803 3629 subsidiis
820 3568 949 3645 pollens
968 3570 1066 3630 victis
1086 3569 1332 3644 Peloponnesiis
1348 3568 1556 3629 Athenarum
1578 3566 1674 3630 fleret
1693 3571 1875 3644 tyranuum

647 3682 749 3742 etiam
780 3682 992 3743 Pisishatum
1024 3682 1158 3744 exulem
1189 3683 1331 3743 cessisse
1354 3696 1372 3741 e
1394 3682 1502 3757 patria
1524 3685 1559 3742 et
1581 3684 1696 3742 tamen
1719 3682 1876 3744 reducem

647 3810 757 3857 rerum
781 3811 861 3857 mox
884 3796 1038 3871 potitum.

691 3910 767 3971 Alia
785 3925 866 3972 sane
884 3912 996 3972 omnia
1012 3910 1268 3971 Atheniensium
1288 3908 1489 3985 principibus
1509 3909 1658 3971 narravit
1668 3908 1876 3971 Alcibiades:

646 4025 771 4100 patriae
805 4024 912 4086 denuo
946 4024 1103 4100 prodesse
1137 4039 1173 4084 se
1208 4022 1307 4098 velle,
1341 4038 1436 4098 spem
1468 4025 1579 4084 autem
1611 4037 1684 4083 esse
1715 4023 1878 4084 subsidiis
1970 4021 1971 4050 ³

646 4138 787 4199 Persicis
809 4152 866 4213 per
888 4138 999 4212 ipsum
1022 4137 1188 4212 potiundi,
1215 4137 1360 4197 amicum
1385 4136 1474 4196 enim
1498 4135 1561 4196 sibi
1585 4150 1660 4196 esse
1682 4135 1876 4213 Tissapher·

646 4266 732 4312 nem.
752 4250 852 4310 Pauci
865 4251 952 4309 -in
972 4250 1025 4310 his
1043 4249 1254 4323 Phrynichus
1273 4249 1373 4309 homo
1393 4247 1700 4309 versutissimus-
1713 4249 1879 4311 interiore

645 4365 717 4426 eius
735 4363 874 4425 consilia
891 4363 977 4423 satis
994 4365 1252 4439 perspexerunt:
1276 4361 1436 4422 Pisandro
1455 4361 1593 4436 aliisque
1617 4362 1712 4439 viris,
1734 4377 1880 4438 quorum

645 4491 767 4551 magna
807 4479 886 4536 tunc
924 4477 1085 4551 temporis
1123 4477 1157 4536 in
1196 4491 1231 4536 re
1270 4475 1402 4550 publica
1436 4477 1508 4536 erat
1541 4477 1740 4553 auctoritas,
1775 4477 1879 4553 plane

645 4590 821 4664 persuasit.

689 4702 743 4763 Sic
772 4703 902 4764 civitati
931 4701 1119 4764 infirmatae
1150 4707 1185 4764 et
1213 4704 1303 4779 inopi
1333 4703 1478 4764 insidiati
1509 4706 1590 4764 sunt
1616 4703 1741 4765 inimici
1766 4704 1879 4766 exteri

644 4816 833 4890 domestici,
868 4819 902 4878 et
935 4816 1117 4878 verendum
1152 4817 1323 4879 videbatur
1357 4833 1398 4878 ne
1432 4817 1578 4878 dissidiis
1612 4817 1764 4878 civilibus
1804 4834 1876 4880 con

644 4934 867 4994 summaretur
889 4933 1029 5010 malum,
1054 4935 1147 4995 cuius
1170 4935 1301 4995 initium
1326 4934 1486 4995 iecissent
1508 4930 1608 5008 gladii
1631 4930 1783 4994 hostiles.
