4375 6284
766 950 845 994 1111
871 951 907 994 en
932 949 1099 994 11111111.
1525 935 1545 995 5

323 1119 355 1178 11
386 1119 467 1181 locis
496 1121 681 1182 montuosis
712 1120 904 1194 collocatos,
937 1119 993 1180 ubi
1024 1125 1080 1180 aer
1106 1133 1209 1195 purus
1233 1120 1267 1180 11
1288 1118 1402 1180 tenuis
1423 1120 1551 1193 peperit

323 1234 454 1305 gentem
473 1236 645 1293 strenuam
665 1233 796 1306 quidem
809 1233 841 1292 et
852 1232 1014 1307 frugalem
1026 1230 1242 1306 laborumque
1253 1230 1547 1307 patientissimam,

321 1345 379 1404 sed
397 1345 573 1406 diremtum
590 1347 625 1406 in
644 1347 695 1406 tot
712 1347 866 1406 civitates
885 1348 964 1419 quot
981 1345 1111 1405 insulae
1130 1359 1189 1419 per
1200 1345 1293 1406 sinus
1305 1347 1386 1404 sunt
1396 1359 1545 1422 sparsae,

322 1459 402 1530 quot
432 1458 535 1519 valles
568 1459 656 1520 inter
688 1459 808 1536 saltus,
847 1461 927 1532 quot
964 1458 1140 1519 fluminum
1171 1457 1252 1532 ripis
1285 1458 1437 1519 adiacent
1465 1474 1547 1519 arva

320 1571 452 1632 feracia.
480 1571 624 1646 Quarum
653 1587 777 1648 paucae
805 1573 967 1646 quaedam
995 1575 1123 1634 ceteras
1152 1572 1277 1632 sensim
1304 1570 1369 1631 sibi
1392 1573 1547 1634 adiunxe-

319 1687 399 1745 runt
432 1684 483 1745 vel
521 1684 742 1762 subiecerunt,
781 1687 838 1746 ead
873 1700 939 1746 non
973 1686 1065 1746 venit
1102 1688 1236 1760 tempus
1267 1700 1331 1759 quo
1369 1688 1403 1745 11
1437 1687 1546 1762 capita

317 1797 375 1856 illa
406 1798 441 1857 in
470 1813 572 1858 unam
602 1798 839 1873 rempublicam
871 1799 997 1860 coirent
1029 1801 1164 1859 cuncta:
1195 1801 1233 1858 ut
1263 1798 1409 1859 11111111
1432 1813 1546 1859 eorum

319 1925 491 1986 numerus,
520 1911 569 1973 sic
591 1912 696 1972 crevit
718 1911 912 1988 aemulatio,
936 1912 1039 1973 donec
1062 1911 1181 1972 ceteris
1204 1914 1407 1987 potentiores
1429 1912 1547 1987 Sparta

317 2028 350 2085 et
393 2025 546 2086 Athenae
586 2025 672 2087 inter
710 2041 746 2087 se
785 2025 987 2087 obstiterunt
1024 2026 1233 2100 gravissimis
1271 2025 1399 2086 discidii
1437 2025 1546 2085 causis

318 2139 501 2200 seiunctae.

361 2251 508 2327 Quarum
529 2252 702 2313 civitatum
721 2252 826 2314 altera
844 2252 966 2313 laetius
986 2253 1019 2313 in
1039 2252 1110 2313 dies
1129 2251 1351 2328 efflorescens,
1370 2254 1546 2327 postquam

317 2382 430 2429 rerum
461 2365 618 2428 decursus
653 2371 686 2428 et
709 2366 942 2428 Themistoclis
968 2367 1188 2441 sagacissima
1211 2366 1346 2427 consilia
1369 2365 1549 2427 effecerunt

316 2487 353 2542 ut
372 2480 416 2541 ad
436 2494 528 2540 mare
551 2480 820 2555 potissimumue
840 2479 1030 2556 applicaret,
1050 2494 1149 2540 suum
1169 2494 1250 2539 mox
1267 2479 1449 2539 dominium
1470 2479 1548 2540 iecit

317 2594 423 2655 maris
447 2591 679 2654 mediterranei
696 2595 824 2668 partem
838 2593 1046 2668 orientalem,
1068 2593 1154 2653 unde
1166 2607 1245 2667 opes
1257 2591 1370 2653 hausit
1380 2591 1548 2669 ingentes,

317 2713 353 2768 ut
377 2705 543 2780 Carthago
566 2721 610 2765 ex
633 2705 837 2767 occidentali.
863 2705 986 2766 lietum
1011 2704 1169 2766 movebat
1191 2704 1311 2765 vicinis
1333 2706 1367 2764 et
1389 2704 1547 2765 inuidiam

317 2823 351 2882 et
381 2820 511 2894 odium,
537 2819 595 2878 111
618 2833 748 2895 semper
772 2817 941 2880 crescebat
964 2819 1107 2891 undique
1130 2818 1237 2879 ditata
1258 2821 1446 2878 mercatura
1468 2820 1545 2878 soci·

317 2947 480 3006 urumque
499 2932 641 2992 tributis.
1488 2923 1492 2930 '

361 3047 483 3122 Quidni
503 3049 600 3122 caput
619 3044 775 3106 Graeciae
795 3049 828 3107 et
847 3061 927 3106 mox
946 3045 1090 3122 imperii,
1112 3045 1164 3105 cui
1184 3059 1289 3119 neque
1307 3045 1427 3107 Persae
1442 3059 1547 3119 neque

317 3161 421 3223 Poeni
451 3159 619 3220 metuendi
642 3162 770 3234 essent,
794 3157 888 3220 111111
910 3159 1029 3219 1111111
1051 3158 1330 3220 Atheniensium?
1353 3157 1547 3220 1111111111-

316 3274 388 3351 bat,
419 3305 457 3316 -
483 3271 553 3334 fleri
573 3275 716 3350 poterat,
736 3274 833 3334 modo
852 3288 917 3333 non
940 3273 1049 3334 solum
1073 3287 1131 3348 per
1149 3287 1242 3334 mare
1264 3273 1323 3333 sed
1346 3275 1437 3334 etin
1459 3279 1549 3333 terra

317 3385 415 3448 firma
434 3387 520 3448 inter
539 3386 681 3447 Graecos
700 3386 936 3447 dominaretur.
958 3387 994 3446 ld
1013 3386 1042 3446 si
1058 3386 1190 3460 assequi
1203 3388 1381 3461 poteratut
1394 3385 1549 3447 Graeciae

316 3501 490 3575 praeesset
519 3500 606 3576 sola,
631 3499 682 3558 vis
711 3499 861 3559 omniurn
892 3499 986 3559 unita
1016 3499 1101 3560 satis
1123 3498 1256 3560 valebat
1278 3500 1320 3560 ad
1343 3501 1458 3561 hostes
1480 3515 1551 3576 pro·

316 3615 500 3689 pulsandos
531 3616 564 3674 et
594 3612 783 3674 libertatem
818 3612 988 3674 tuendam.
1019 3612 1105 3672 Nam
1136 3624 1195 3673 aut
1225 3615 1312 3674 mari
1345 3614 1551 3690 imperatura

317 3731 388 3788 crat
426 3726 562 3788 Graecia
599 3729 657 3787 aut
692 3727 836 3802 satrapis
869 3726 980 3787 Persis
1015 3725 1205 3800 obeditura;
1240 3729 1301 3787 aut
1334 3742 1377 3788 ex
1409 3728 1551 3789 Athenis

317 3842 478 3902 mandata
496 3841 527 3901 ei
544 3843 639 3902 erant
659 3840 867 3916 expectanda
885 3843 943 3901 aut
962 3856 979 3901 1
1003 3840 1160 3901 Sardibus
1179 3844 1213 3902 et
1232 3841 1386 3916 Dascylio
1406 3843 1552 3918 ipsisque

317 3955 429 4026 Susis;
459 3955 598 4015 tertium
629 3969 695 4015 non
726 3953 874 4030 dabatur,
907 3969 985 4014 nam
1016 3955 1169 4030 proxima
1198 3955 1416 4017 insidiabatur
1446 3956 1550 4030 hydra

316 4070 456 4130 Asiana.
487 4071 552 4129 Aut
583 4069 617 4127 in
646 4068 851 4129 maritimam
883 4073 917 4130 et
947 4069 1084 4131 liberam
1116 4071 1287 4131 nationem
1318 4070 1434 4131 coituri
1457 4073 1553 4131 erant

318 4182 434 4244 Graeci
456 4187 514 4242 aut
536 4183 736 4243 servitutem
759 4184 916 4245 servituri
935 4184 1006 4245 sive
1026 4185 1176 4260 apertam
1196 4183 1267 4244 1111
1287 4185 1431 4245 fucatam
1454 4183 1549 4244 hone·

317 4301 437 4370 stoque
461 4296 570 4368 aliquo
593 4297 729 4357 nomine
751 4297 925 4358 obtectam.

363 4412 427 4472 Sed
458 4411 583 4472 frustra
611 4425 746 4485 operam
777 4411 938 4472 dederunt
964 4411 1187 4473 Athenienses
1216 4414 1254 4471 ut
1277 4413 1380 4473 etiarn
1406 4413 1439 4471 in
1463 4417 1553 4472 terra

283 4529 286 4538 ⁴
318 4523 416 4586 firma
439 4522 557 4584 flerent
577 4523 767 4599 superiores
789 4526 822 4584 et
841 4524 991 4584 Atticum
1011 4525 1184 4585 redderent
1204 4525 1315 4586 sinum
1334 4524 1550 4586 Corinthium.

318 4638 369 4697 Ad
401 4636 580 4698 Coroneam
612 4650 699 4696 anno
726 4636 1005 4697 divinanarum
1031 4637 1220 4698 ceciderunt
1243 4637 1381 4698 consilia
1404 4639 1550 4700 audacia.

318 4751 419 4810 quta
439 4750 556 4811 foedus
575 4751 782 4811 maritimum
803 4751 854 4812 sui
874 4752 956 4812 iuris
976 4754 1173 4813 manserunt
1192 4753 1347 4814 civitates
1359 4755 1553 4815 terrestres:

319 4843 353 4924 in
387 4866 557 4939 posterum
588 4879 730 4940 quoque,
762 4867 799 4924 ut
828 4865 922 4942 clim,
958 4865 1061 4926 Dores
1096 4867 1215 4928 Ionum
1246 4870 1305 4928 aut
1333 4869 1415 4930 socii
1449 4869 1552 4931 futuri

324 4979 422 5038 erant
444 4979 515 5055 aut,
540 4977 569 5038 si
592 4977 661 5039 fors
684 4978 716 5038 id
739 4977 852 5056 terret,
879 4979 1070 5041 adversarii.
