4375 6284
631 931 674 990 90
1149 945 1191 988 nr
1214 943 1338 988 Porrus

629 1129 728 1190 quam
759 1114 887 1190 patriae
913 1115 1132 1190 amantiores,
1165 1113 1197 1174 ln
1225 1113 1403 1188 perniciem
1435 1128 1510 1173 eam
1540 1111 1674 1173 trudere
1702 1113 1847 1187 poterunt
1956 1157 1957 1160 η

631 1231 665 1288 et
687 1242 763 1288 cum
785 1226 926 1288 Athenis
947 1228 1020 1303 ipsa
1042 1225 1181 1288 Graecia
1204 1225 1380 1287 submittet
1403 1227 1512 1301 caput.

676 1341 806 1402 Patriae
836 1356 970 1402 omnem
1003 1357 1077 1403 esse
1108 1355 1202 1417 spem
1234 1343 1268 1400 in
1299 1339 1390 1416 prole
1421 1342 1510 1401 recte
1539 1338 1709 1401 educanda
1732 1339 1847 1413 pridem
1958 1309 1959 1334 ³

630 1452 796 1514 intellexit
828 1457 941 1530 poeta,
975 1456 1110 1528 iamque
1145 1454 1331 1527 ingentium
1363 1453 1593 1515 calamitatum
1629 1466 1746 1513 causas
1779 1452 1848 1511 dum

632 1567 867 1643 circumspicit,
903 1570 979 1643 post
1012 1582 1134 1644 pueros
1169 1567 1358 1628 considerat
1392 1569 1531 1643 matres,
1567 1569 1602 1627 et
1634 1564 1792 1627 mulieres
1821 1563 1850 1623 in

631 1681 805 1741 hominum
830 1683 929 1755 atque
953 1681 1129 1742 civitatum
1152 1682 1243 1742 sorte
1265 1682 1428 1755 quantum
1452 1680 1587 1740 valeant
1605 1678 1728 1739 melius
1745 1677 1850 1738 sentit.

633 1794 709 1855 Mox
731 1802 844 1855 autem
868 1795 903 1854 in
926 1796 1032 1856 artem
1055 1810 1153 1856 suam
1177 1810 1234 1856 eas
1254 1796 1442 1857 introducit.
1464 1795 1553 1872 Quae
1572 1807 1739 1869 cauponas
1761 1791 1851 1865 iurgi·

633 1923 710 1969 osas
740 1907 919 1981 facilesque
950 1906 1106 1970 tibicinas
1129 1909 1229 1969 etiam
1252 1911 1407 1971 antesin
1430 1908 1556 1985 pulpita
1580 1907 1775 1981 admiserat,
1799 1917 1854 1965 nec

633 2035 700 2081 non
729 2020 875 2095 virgines
906 2019 983 2096 plus
1012 2035 1112 2095 quam
1143 2021 1322 2099 humanae,
1347 2022 1462 2096 quales
1485 2024 1582 2083 erant
1603 2020 1674 2082 Pax
1697 2021 1731 2080 et
1752 2017 1852 2079 Domi·

634 2133 739 2209 natio,
774 2133 924 2194 Pomona
957 2136 992 2194 ei
1025 2134 1182 2208 Laetitia;
1218 2138 1331 2196 castas
1361 2150 1438 2196 vero
1468 2134 1598 2211 puellas
1626 2136 1660 2195 et
1688 2133 1855 2193 matronas

635 2262 746 2308 arcere
775 2245 913 2307 solebat.
937 2247 1051 2321 Neque
1073 2247 1163 2309 enim
1187 2249 1228 2309 ad
1251 2249 1381 2310 tabulas
1403 2247 1601 2324 spectandas
1623 2249 1714 2308 cives
1736 2247 1771 2306 in
1794 2245 1854 2304 the·

635 2365 744 2422 atrum
773 2375 887 2421 secum
919 2359 1128 2422 adducebant
1151 2377 1272 2423 uxores
1296 2362 1346 2423 vel
1373 2359 1471 2437 filias,
1497 2376 1603 2435 neque
1625 2359 1800 2436 placebant
1820 2357 1858 2417 iis

635 2474 768 2534 Atticae
795 2472 953 2534 mulieres
975 2474 1056 2534 iocis
1079 2475 1245 2549 protervis
1268 2475 1500 2548 intermixtae;
1523 2474 1608 2535 laedi
1631 2475 1719 2534 enim
1744 2472 1856 2532 harum

637 2587 777 2662 lamam,
808 2586 839 2646 ei
868 2584 996 2661 publice
1026 2586 1134 2647 multa
1163 2587 1203 2648 de
1231 2588 1274 2648 iis
1304 2586 1421 2649 flerent
1452 2587 1569 2661 verba;
1600 2600 1706 2660 neque
1728 2586 1764 2644 in
1786 2582 1859 2644 tlcta

637 2701 725 2761 vitae
747 2699 907 2776 imagine,
932 2713 1015 2773 quae
1034 2699 1067 2760 in
1090 2700 1232 2761 theatris
1251 2701 1399 2762 exhiheri
1418 2700 1519 2775 solet,
1539 2701 1726 2761 memoratu
1745 2697 1859 2772 dignas
1957 2679 1959 2736 f

637 2812 741 2873 videri
763 2826 847 2886 quae
871 2811 905 2870 in
929 2812 1002 2888 ipsa
1025 2812 1094 2872 rita
1119 2813 1263 2874 humiles
1285 2814 1412 2888 aliquae
1435 2815 1572 2889 agerem
1593 2815 1714 2889 partes.

682 2926 754 2986 Iam
784 2939 863 2985 vero
892 2925 1064 2986 insolitam
1093 2925 1291 3000 dignitatem
1315 2931 1413 3002 atque
1437 2928 1648 2988 maiestatem
1671 2922 1863 2986 mulieribus
1958 2989 1959 3017 ¹

639 3041 836 3118 praebuerat
865 3038 988 3115 clades,
1019 3053 1102 3112 quae
1134 3040 1280 3102 familiae
1313 3042 1537 3103 Athenienses
1550 3015 1552 3020 ¹
1566 3040 1663 3116 longe
1692 3039 1864 3114 plerasque

638 3154 808 3217 funeribus
837 3153 1105 3214 contristaverat.
1132 3154 1314 3230 Prosperae
1344 3170 1418 3216 cum
1448 3155 1582 3216 inerunt
1604 3153 1773 3228 Athenae,
1796 3164 1861 3210 mu·

638 3270 736 3331 lieres
758 3281 825 3327 non
849 3267 1002 3342 poterant
1026 3267 1141 3340 aequis
1164 3267 1319 3343 passibus
1337 3269 1487 3330 comitari
1509 3269 1599 3330 viros
1620 3266 1793 3329 celerrime
1812 3276 1866 3338 per

638 3383 749 3444 cultus
784 3379 923 3442 humani
959 3384 1057 3456 atque
1092 3384 1201 3446 civilis
1232 3387 1322 3446 viam
1353 3385 1616 3461 progredientem
1655 3395 1742 3444 nunc
1777 3380 1865 3440 luctu

639 3496 728 3556 certe
752 3494 833 3553 virle
856 3493 1011 3567 aequales
1033 3500 1138 3558 erant.
1163 3499 1200 3558 In
1224 3497 1494 3561 Acharnensibus
1517 3496 1630 3558 tabula
1653 3509 1735 3556 uxor
1758 3491 1866 3553 Dicae·

639 3605 777 3683 opolidis
811 3606 904 3682 probi
939 3608 1001 3667 viri
1036 3623 1103 3671 non
1138 3611 1202 3671 nisi
1238 3627 1295 3687 per
1328 3611 1463 3672 brevem
1498 3609 1658 3685 temporis
1688 3604 1868 3668 articulum

640 3718 791 3797 prodibat
820 3720 855 3779 in
887 3720 1067 3800 pulpitum,
1097 3726 1136 3784 ut
1158 3727 1275 3786 tacens
1299 3724 1454 3786 videlicet
1476 3722 1646 3801 praeheret
1667 3719 1807 3782 trullam
1831 3715 1869 3778 ad

641 3833 768 3910 pultem
803 3833 1040 3897 hauriendam:
1071 3851 1159 3898 nunc
1189 3837 1367 3913 proborum
1400 3838 1547 3898 virorum
1577 3833 1638 3896 filii
1667 3835 1700 3895 ln
1732 3833 1803 3895 oris
1826 3845 1871 3891 re·

641 3945 744 4008 motis
774 3945 919 4007 cecidere
948 3947 1084 4022 plurimi
1108 3955 1140 4012 et
1162 3951 1196 4010 in
1220 3951 1328 4012 fronte
1350 3954 1497 4011 matrum
1521 3963 1672 4010 sororum
1696 3946 1870 4007 viduarum

642 4061 832 4122 ornatarum
863 4061 1066 4136 conspicitur
1095 4079 1216 4125 corona
1246 4064 1379 4126 doloris.
1410 4064 1531 4126 Noster
1554 4064 1667 4124 autern
1690 4061 1791 4137 poeta
1814 4058 1875 4118 hoc

642 4178 791 4249 tempore
820 4172 978 4235 mulieres
1003 4177 1130 4238 maiore
1155 4193 1255 4252 quam
1279 4181 1379 4240 antea
1402 4179 1435 4239 in
1458 4179 1581 4240 honore
1605 4175 1727 4236 hahere
1750 4171 1873 4247 coepit,
1958 4161 1959 4246 l

644 4290 678 4348 et
705 4286 778 4348 soni
807 4285 934 4347 insoliti
964 4292 1132 4352 scomico
1162 4293 1335 4368 proscenio
1363 4293 1403 4355 ad
1430 4294 1636 4370 spectatores
1659 4287 1873 4366 perveniunt,
1958 4309 1959 4370 g

645 4417 721 4464 cum
739 4413 854 4461 scurra
872 4399 941 4477 ille,
962 4403 1051 4463 seria
1068 4419 1174 4480 agens
1193 4407 1373 4482 paullisper
1392 4410 1426 4469 et
1444 4406 1622 4468 tenerrimo
1635 4404 1740 4466 animi
1752 4401 1877 4464 affectu
1958 4383 1959 4388 ’

645 4514 814 4590 abreptus,
846 4527 981 4575 causam
1013 4519 1086 4579 orat
1117 4523 1262 4581 matrum
1298 4521 1338 4582 de
1367 4521 1474 4597 patria
1504 4519 1628 4595 optime
1658 4518 1875 4588 meritarum,

645 4629 763 4705 quippe
796 4640 880 4701 quae
913 4623 1000 4689 tilios
1034 4629 1167 4710 floridos
1202 4636 1302 4708 atque
1337 4633 1491 4695 robustos
1524 4631 1710 4707 pepererint
1743 4643 1806 4705 pro
1841 4641 1880 4687 ea

646 4742 839 4816 morituros,
870 4754 1069 4815 sponsarum
1101 4746 1233 4808 maritis
1260 4749 1352 4823 prius
1382 4745 1599 4823 spoliaturum
1629 4758 1729 4818 quam
1754 4755 1881 4804 uxores

648 4869 725 4919 vere
743 4868 780 4915 se
798 4853 980 4932 senserint,
1006 4856 1173 4933 virginum
1193 4861 1228 4921 in
1247 4861 1366 4923 domus
1389 4862 1545 4936 paternae
1564 4856 1702 4918 latshrIs
1719 4857 1881 4933 languen-

647 4973 747 5045 tium,
770 4967 850 5028 dum
873 4966 1011 5028 iuvenes
1034 4969 1067 5030 in
1091 4974 1282 5048 regionibus
1304 4973 1488 5049 peregrinis
1511 4987 1582 5034 rem
1606 4972 1725 5048 gerant
1738 5016 1746 5032 .
1761 5014 1796 5032 ..
