4375 6284
635 838 679 898 40
1152 855 1194 900 os
1216 854 1342 900 rueras

632 1029 763 1087 essetne
783 1027 865 1086 civis
884 1027 1099 1088 Atheniensis
1117 1041 1236 1094 necne:
1258 1039 1335 1085 nam
1356 1025 1488 1086 nonnisi
1507 1025 1612 1086 semel
1627 1029 1854 1100 quotannis-

633 1152 746 1199 mense
777 1139 910 1200 Octobri
927 1134 949 1208 ι)
973 1171 1013 1184 -
1038 1139 1131 1200 liberi
1159 1154 1262 1214 nuper
1290 1139 1361 1198 nati
1387 1138 1653 1199 inscribebantur
1683 1141 1718 1200 iu
1748 1140 1853 1201 album

632 1249 820 1325 curialium,
852 1265 949 1326 saepe
980 1253 1092 1311 autem
1117 1266 1160 1311 ue
1183 1251 1298 1311 eodem
1321 1249 1454 1323 quidem
1477 1265 1542 1323 quo
1564 1253 1636 1312 nati
1657 1256 1754 1312 erant
1775 1268 1854 1314 anno

630 1363 895 1424 inscribebantur
910 1358 944 1434 ¹).
976 1362 1017 1424 iit
1046 1364 1206 1424 traditum
1237 1378 1352 1423 revera
1382 1363 1570 1437 accepimus
1605 1365 1854 1440 Aristophanem
1955 1439 1960 1455 Ι

632 1477 796 1550 quendam
815 1475 1071 1545 choilideueem.
1096 1511 1132 1521 -
1151 1477 1209 1538 sed
1221 1480 1381 1553 poetaene
1399 1479 1560 1552 cognatus
1578 1477 1631 1538 hic
1650 1478 1749 1539 luerit
1760 1495 1855 1540 necne

634 1604 698 1650 uon
728 1588 846 1665 liquet,
872 1591 992 1665 -qui
1022 1605 1109 1650 auno
1128 1590 1193 1650 404
1218 1589 1279 1650 sub
1310 1589 1447 1664 triginta
1470 1590 1615 1652 virorum
1639 1592 1856 1654 dominatione

632 1703 831 1763 interemtus
859 1705 923 1779 est,
949 1703 1019 1762 iure
1042 1703 1188 1763 civitatis
1210 1716 1308 1763 usum
1333 1716 1408 1763 esse
1431 1701 1528 1763 dubio
1544 1696 1578 1772 ⁸).

677 1816 774 1875 Anno
805 1816 882 1896 431,
910 1830 985 1875 cum
1010 1816 1137 1876 exarsit
1159 1816 1298 1891 bellum,
1323 1817 1545 1877 Athenienses
1568 1818 1695 1878 incolas
1717 1820 1858 1895 Aeginae

633 1934 711 1990 ante
734 1933 889 2006 quartam
913 1930 1037 1990 saeculi
1058 1933 1192 2004 partem
1216 1931 1250 1990 vi
1273 1930 1456 2006 subiectae,
1480 1945 1563 2004 quos
1585 1947 1680 2007 spem
1698 1933 1858 1996 libertatis

633 2044 876 2119 recuperandae
910 2044 1164 2118 haudquaquam
1199 2042 1361 2103 abiecisse
1392 2046 1426 2103 et
1456 2059 1555 2118 quam
1590 2047 1775 2108 maximam
1810 2065 1856 2124 po·

632 2160 743 2218 terant
766 2157 925 2218 invidiam
950 2158 1036 2217 inter
1059 2159 1189 2217 ceteras
1211 2155 1368 2217 Graeciae
1387 2160 1504 2230 gentes
1523 2159 1604 2233 ipsis
1623 2159 1785 2222 conflasse
1803 2178 1859 2223 suo

633 2273 755 2332 damno
789 2271 864 2347 plus
898 2270 1002 2332 semei
1038 2273 1229 2346 senserant,
1264 2269 1374 2330 insula
1408 2270 1618 2348 pepulerunt,
1650 2287 1749 2348 agros
1779 2275 1859 2335 inter

633 2386 770 2447 colonos
802 2385 933 2445 Atticos
968 2383 1164 2445 diviserunt.
1198 2382 1333 2443 Nullum
1368 2386 1482 2443 tamen
1516 2384 1755 2447 detrimentum
1785 2393 1858 2449 tuuc

634 2500 765 2560 illatum
796 2513 871 2559 esee
901 2498 1075 2573 Aeginetis
1105 2496 1186 2573 iliis,
1218 2497 1274 2569 qui
1303 2498 1383 2557 ante
1416 2512 1521 2558 anuos
1547 2498 1685 2572 triginta
1714 2500 1858 2562 Atticam

633 2612 697 2674 sibi
717 2611 898 2686 elegissent
917 2626 1040 2672 novam
1061 2611 1219 2686 patriam,
1239 2624 1297 2685 per
1316 2624 1353 2670 se
1371 2609 1586 2685 intellegitur.
1607 2612 1723 2686 Itaque
1738 2615 1859 2674 Aristo·

634 2727 754 2803 phanis
783 2728 870 2803 patri
893 2728 923 2788 si
946 2727 1091 2800 Aeginae
1115 2725 1180 2786 luit
1201 2725 1372 2800 praedium
1397 2725 1525 2786 avitum
1538 2719 1577 2799 ⁴),
1601 2725 1702 2787 etiem
1726 2729 1861 2802 posthac

634 2840 666 2900 id
697 2841 727 2900 ei
757 2841 957 2916 permansit,
990 2844 1024 2900 et
1055 2840 1274 2913 interpretatu
1305 2839 1355 2900 sic
1385 2838 1495 2899 iaciiia
1525 2842 1602 2899 suut
1633 2840 1750 2916 verba,
1782 2857 1861 2916 quae

634 2953 733 3015 choro
764 2952 1029 3014 Acharnensium
1062 2953 1180 3012 tribuit
1208 2951 1373 3012 comicus:
1403 2955 1494 3026 ,tam
1529 2957 1755 3027 praestantem
1792 2970 1862 3016 esse

634 3066 771 3128 huiusce
800 3067 932 3128 fabulae
962 3069 1093 3142 poetam
1123 3069 1319 3140 tantamque
1348 3081 1422 3126 esse
1446 3064 1537 3126 illius
1559 3067 1754 3130 facetiarum
1780 3070 1861 3131 utili·

636 3181 755 3255 tatem,
788 3184 826 3241 ut
855 3196 917 3242 rex
943 3180 1125 3240 Persarum
1156 3194 1261 3254 nuper
1288 3178 1462 3253 ambigens
1494 3181 1637 3242 societas
1668 3198 1744 3243 cum
1767 3184 1861 3244 Athe

635 3294 806 3355 niensibus
829 3308 871 3354 au
895 3308 971 3354 cum
991 3293 1266 3354 Lacedaemoniis
1284 3295 1419 3354 essetne
1437 3294 1502 3354 eibi
1520 3295 1677 3372 ineunda,
1696 3297 1862 3371 rogaverit

637 3407 704 3468 utri
723 3407 957 3468 vehementius
976 3423 995 3466 a
1013 3408 1140 3467 comico
1158 3406 1215 3466 iiio
1232 3409 1329 3481 poeta
1348 3407 1622 3483 vituperarentur,
1644 3409 1706 3470 hos
1725 3411 1862 3470 enimse

633 3641 818 3689 choreutarum
844 3642 901 3688 erat
926 3640 953 3686 si
978 3641 1079 3688 adorirer.
1106 3640 1209 3688 Nullam
1236 3643 1325 3687 autem
1351 3639 1384 3686 de
1407 3643 1542 3699 poetarum
1565 3644 1652 3688 aeiste
1675 3642 1757 3688 tuisse
1778 3642 1862 3700 legem

634 3733 694 3768 cum
716 3718 822 3768 aliunde
844 3720 958 3766 efficitur
976 3745 1005 3753 -
1025 3734 1083 3766 narn
1108 3719 1253 3777 Aeschylus
1270 3720 1415 3778 Sophocles
1430 3716 1573 3779 Euripides
1590 3721 1736 3768 tricenariis
1750 3722 1863 3768 minores

633 3813 738 3848 scenam
753 3799 850 3846 adiisse
864 3799 993 3854 teruntur,
1010 3796 1120 3858 Eupolis
1134 3805 1162 3844 et
1175 3799 1318 3844 Menander
1334 3811 1418 3845 anuos
1432 3797 1487 3846 nati
1500 3800 1687 3858 septendecim,
1701 3799 1863 3860 Antiphanes

633 3879 726 3937 viginti
744 3903 774 3914 -
792 3884 850 3926 tum
873 3891 905 3925 ex
927 3879 1012 3938 ipsius
1035 3878 1216 3937 Aristophanis
1239 3877 1338 3930 verbim
1361 3875 1408 3935 qui
1431 3876 1458 3924 in
1480 3877 1619 3937 Eqmtibus
1643 3879 1733 3926 fabula
1752 3880 1862 3940 supplex

633 3959 689 4005 iere
714 3960 877 4017 spectatores
902 3956 975 4013 adiit,
1000 3969 1033 4002 ne
1058 3957 1286 4004 stomacharentur
1316 3955 1369 4002 sibi
1395 3959 1526 4016 precatus,
1550 3957 1620 4014 quod
1650 3957 1712 4004 aliis
1737 3960 1862 4004 haetenus

632 4037 782 4084 hominibus
800 4035 904 4082 iabuias
922 4033 1076 4082 tradidisset
1093 4034 1225 4082 docendae
1239 4033 1317 4081 nimis
1333 4037 1443 4082 iortssse
1459 4035 1601 4082 modestus.
1616 4037 1682 4083 iiam
1696 4050 1745 4082 sno
1759 4039 1863 4082 nomine

631 4117 726 4164 docere
750 4117 773 4162 si
796 4116 924 4162 haotsurm
946 4127 1007 4162 eum
1031 4116 1159 4161 vetuisset
1182 4115 1232 4170 ier,
1252 4113 1381 4160 modestia
1397 4115 1456 4160 eius
1472 4114 1545 4160 nulia
1561 4114 1643 4162 sideri
1660 4118 1764 4173 poterat
1779 4126 1862 4172 nsque

631 4196 742 4257 rogandi
763 4198 838 4243 eraut
859 4197 1023 4255 spectatores
1046 4201 1076 4242 ut
1093 4196 1118 4242 si
1134 4195 1308 4251 iguosoerent.
1327 4194 1434 4252 Optimo
1450 4191 1533 4251 igitur
1548 4194 1606 4240 iure
1623 4193 1651 4240 li.
1668 4197 1698 4240 A.
1715 4194 1784 4240 Wolf
1797 4191 1861 4239 iliud

633 4276 754 4324 scholion
772 4275 872 4322 reiecit.

669 4351 690 4416 ¹)
707 4355 746 4403 dt.
764 4354 798 4401 ad
815 4355 859 4401 Ar.
877 4353 941 4400 th.
961 4354 1009 4400 ist
1026 4353 1089 4400 usn.
1107 4353 1166 4398 stt.

666 4431 689 4493 ¹)
706 4435 766 4494 Itys,
784 4432 883 4492 XXXfi
901 4433 915 4479 2
934 4431 1006 4478 aiibi.

666 4511 690 4572 ³)
708 4513 768 4572 Itys.
785 4513 849 4560 1111
866 4512 882 4572 ς
900 4513 932 4559 dd
950 4524 991 4569 sq.

666 4589 688 4656 ⁴)
707 4593 838 4650 „Aeginae
861 4591 999 4638 colonum’¹
1021 4603 1081 4637 eum
1104 4589 1170 4637 dixit
1189 4589 1344 4648 Theogenes
1365 4589 1469 4649 priscus
1490 4589 1686 4646 grammaticus,
1706 4602 1759 4634 uon
1778 4593 1862 4635 tauron

631 4673 689 4720 aliis
716 4683 780 4718 usus
806 4671 973 4732 testimoniis,
999 4682 1077 4729 quarn
1111 4669 1156 4715 iilo
1186 4667 1257 4727 quod
1287 4669 1373 4715 inesse
1398 4668 1510 4728 putabat
1535 4666 1623 4712 serbis
1652 4671 1749 4726 poetae
1776 4669 1861 4715 statim

632 4751 781 4799 afferendis.
800 4749 851 4798 Aiii
869 4749 902 4796 sd
921 4747 1090 4796 Callistratum
1108 4752 1203 4808 postas
1220 4748 1265 4793 iiia
1283 4747 1362 4794 rerba
1379 4747 1537 4800 referebant,
1554 4745 1624 4792 huuc
1642 4747 1724 4803 igitur
1739 4760 1819 4795 uuum
1834 4759 1865 4792 er

632 4829 735 4878 civibus
752 4829 966 4886 Atheniensibus,
981 4830 1026 4888 qui
1044 4841 1113 4875 anno
1128 4829 1175 4874 sti
1191 4824 1317 4882 Aeginam
1333 4825 1418 4874 coloni
1433 4823 1508 4872 missi
1524 4831 1594 4882 sunl,
1609 4826 1690 4872 luisse
1705 4825 1766 4873 rati.
1780 4852 1812 4861 -
1824 4825 1863 4871 ot.
1967 4848 1968 4855 κ

630 4907 731 4957 scholia
744 4909 778 4956 ad
792 4909 859 4956 Piat.
875 4909 983 4968 Apolog.
1003 4911 1034 4955 iil
1044 4921 1057 4954 s
1069 4906 1149 4965 (inira
1163 4908 1190 4953 tu
1205 4903 1482 4967 appositissimis.
1499 4903 1562 4952 Asia
1581 4904 1640 4960 etl,
1654 4903 1688 4950 ad
1697 4904 1776 4965 Vssp.
1791 4904 1861 4953 lidi·
