4375 6284
777 981 820 1028 nr
843 981 952 1030 nuru
974 979 1128 1026 runica.
1498 965 1561 1025 281

348 1151 423 1214 llam
453 1156 489 1214 et
516 1154 691 1217 insolitum
719 1158 772 1217 est
795 1153 875 1216 ἐστιν
898 1155 1072 1232 participio
1095 1153 1175 1227 εἰκός
1198 1155 1363 1230 additum,
1389 1155 1423 1214 et
1444 1153 1565 1216 vitiose

348 1266 464 1327 dictum
493 1269 548 1328 est
576 1265 720 1347 γέροντας
750 1265 867 1348 ἄνδρας
890 1265 951 1347 ἤδη
981 1269 1048 1329 nisi
1073 1268 1284 1345 participium
1309 1268 1445 1329 accedat
1467 1264 1564 1339 ὄντας.

347 1379 460 1441 Verum
484 1381 659 1443 coniuncta
683 1383 835 1445 Meinekii
859 1382 1092 1457 Blaydeeilque
1114 1397 1216 1458 opera
1238 1385 1292 1444 eet
1314 1381 1526 1442 restitutum:

517 1492 557 1567 ὡς
580 1494 659 1569 εἰκὸς
682 1493 834 1577 ἄνδρας
857 1493 998 1568 ἀσθενεῖς
1020 1493 1165 1576 γέροντας
1192 1493 1367 1567 (ὄντας)
1394 1492 1463 1572 ἤδη.

223 1605 224 1610 ’
345 1607 419 1668 'l'ree
440 1607 543 1684 igitur
565 1610 640 1670 vitii
662 1609 763 1671 huius
786 1612 914 1671 aetates
937 1609 1173 1684 discernimue3
1197 1625 1277 1671 nam
1299 1610 1444 1684 primum
1467 1611 1565 1671 intar-

344 1721 416 1782 cidit
447 1718 551 1800 ὄντας,
581 1723 655 1785 dein
679 1724 781 1785 verba
803 1726 884 1785 aunt
906 1723 1042 1784 turbata
1063 1724 1098 1783 in
1122 1704 1233 1786 cadica
1256 1723 1355 1784 hodie
1377 1722 1561 1798 deperdito,

343 1836 422 1896 unde
457 1838 492 1896 et
525 1834 554 1893 V
588 1839 640 1898 est
672 1837 792 1899 ductus
824 1841 857 1899 et
887 1837 927 1914 R,
961 1837 1097 1898 tandem
1127 1836 1350 1916 mpedropuev
1379 1836 1500 1912 aliquis
1528 1836 1562 1896 in

342 1950 521 2025 exemplari
551 1950 636 2025 qued
665 1951 820 2014 librarius
847 1951 970 2013 codicia
992 1950 1021 2011 V
1047 1952 1220 2028 excripsit,
1246 1951 1298 2012 vel
1320 1951 1354 2012 in
1378 1950 1563 2026 antiquiore

343 2065 440 2126 etiam
466 2065 590 2142 codice,
615 2066 716 2128 metri
740 2081 840 2128 causa
862 2066 1030 2142 supplevit
1051 2063 1141 2126 ἐστιν.

381 2179 445 2243 Ar.
470 2179 535 2241 520
558 2179 709 2241 codicum
732 2179 801 2240 VR
824 2183 1011 2241 ceterorum
1035 2182 1086 2241 eet
1110 2180 1211 2243 lectio
1235 2180 1374 2242 vitiosa:

517 2293 602 2372 ὤμνυ
622 2289 649 2354 δ’
671 2292 774 2367 οὐδεὶς
791 2289 847 2355 τότ’
869 2293 1044 2374 ἀνθρώπων
1063 2294 1153 2373 θεόν,
1171 2289 1230 2355 ἀλλ’
1252 2292 1381 2374 ὄρνιθος
1400 2292 1539 2366 ἅπαντες.

342 2405 401 2466 Ubi
423 2410 534 2469 metro
556 2407 689 2470 iubente
712 2409 836 2470 Person
860 2409 1025 2470 restituit:

516 2515 571 2583 τότ’
600 2518 704 2586 (ἂν)
732 2519 917 2601 ἀνθρώπων.

381 2633 459 2709 Lye.
484 2635 545 2696 162
570 2635 671 2697 habet
691 2637 736 2697 R:

517 2745 569 2807 ἐὰν
593 2745 627 2808 δὲ
649 2749 816 2823 adnectam
841 2785 882 2796 -
907 2747 1047 2829 παρέχειν
1069 2747 1125 2830 χρὴ
1147 2747 1295 2821 minen.

380 2862 517 2924 Deletae
551 2866 728 2939 postmodo
759 2868 838 2928 eunt
867 2866 1001 2927 litterae
1032 2863 1084 2942 κὰ,
1114 2868 1149 2926 et
1176 2865 1276 2927 editio
1298 2866 1449 2940 princepe
1472 2863 1563 2925 dedit

339 2971 476 3055 παρέχειν
499 2975 553 3055 χρὴ
577 2987 690 3056 κακῶς,
713 2984 821 3042 metro
845 2963 1061 3042 claudicante.
1085 2981 1208 3042 Verum
1230 2979 1366 3056 praebet
1386 2983 1427 3039 Γ;

517 3088 570 3150 ἐὰν
594 3088 627 3151 δὲ
650 3093 819 3166 reatuum
841 3091 983 3174 παρέχειν
1006 3092 1062 3174 χρὴ
1085 3092 1164 3155 κακὰ
1190 3102 1365 3166 <κα>κῶς

381 3204 460 3279 Lye.
486 3205 550 3267 768
574 3207 608 3266 in
632 3207 660 3267 R
682 3211 750 3268 eet:

738 3320 780 3400 μὴ
803 3331 1036 3401 στοσιῶμεο,

338 3445 453 3492 verum
478 3448 584 3508 neque
606 3436 747 3497 inventu
769 3440 821 3497 eet
844 3437 973 3499 difficile
997 3439 1086 3499 etin
1109 3440 1138 3497 Γ
1156 3439 1294 3514 legitur:
1402 3432 1405 3438 ’

737 3547 779 3627 μὴ
803 3552 1091 3628 στοοκάσ>ωμεν.

380 3658 516 3723 Theem.
540 3664 606 3724 44³
629 3665 733 3726 codex
756 3666 784 3726 R
807 3668 889 3728 haec
911 3666 1025 3728 habet:

516 3772 625 3856 ὀλίγον
648 3775 769 3844 ἓνὲκ<ο
791 3778 921 3858 κ>αὐτὴ
946 3785 1109 3860 παρῆλθον
1130 3779 1280 3860 ῥημάτων.

338 3885 436 3950 Gutus
466 3892 588 3953 erroris
617 3894 790 3956 manifesti
817 3896 1002 3958 remedium
1033 3895 1322 3970 simplicissimum
1345 3896 1423 3954 ante
1446 3893 1558 3954 Porsc·

338 4016 418 4064 num
453 4019 519 4065 non
554 4008 605 4067 eet
639 4007 828 4087 inuentum,
862 4024 941 4071 nam
971 4009 1050 4070 olim
1081 4009 1116 4069 in
1138 4008 1205 4070 alia
1227 4007 1340 4070 omnia
1362 4007 1560 4069 aberrabant

336 4117 450 4179 critici.

380 4231 462 4294 Rau.
489 4233 553 4294 863
577 4233 611 4295 in
636 4235 663 4297 R
687 4239 754 4297 eet:

515 4345 545 4420 ἐξ
570 4347 712 4428 Αἰγίνης,
737 4350 902 4429 Θωρυκίων
930 4349 1052 4428 <dv>‚
1076 4349 1282 4430 εἰκοστολόγος
1305 4348 1508 4426 κακοδαίμων.

338 4460 460 4523 Verum
483 4462 620 4537 praebet
641 4462 680 4526 V.

379 4573 464 4637 dccl.
490 4577 555 4638 526
579 4577 774 4639 muliercula
795 4579 955 4640 maritum
978 4579 1170 4654 increpans:

514 4689 551 4752 οὗ
575 4688 613 4769 δὴ
635 4687 747 4752 τάλαιν’
769 4686 879 4772 ἔγωγε]

338 4803 398 4879 ait,
429 4805 459 4865 si
489 4805 656 4868 credimus
685 4807 789 4868 codici
810 4807 839 4867 R
870 4807 1061 4883 ceterisque.
1085 4808 1130 4869 At
1151 4806 1335 4883 querentis,
1358 4822 1423 4868 non
1446 4807 1555 4868 convi-

338 4919 455 4980 ciantis
488 4922 542 4982 eet
575 4911 722 4980 τάλαινα]
754 4937 810 4983 uae
843 4923 976 4984 miserae
1004 4913 1104 4982 mihi!
1132 4925 1167 4982 et
1196 4921 1364 4982 soloecum
1391 4925 1443 4982 eet
1465 4919 1555 5000 ἔγωγε

338 5037 488 5097 tumtun
522 5036 690 5110 iunctum;
722 5039 920 5113 quapropter
949 5036 1035 5097 Piut.
1069 5037 1155 5096 1044
1179 5050 1294 5097 verum
1318 5049 1393 5096 esee
1414 5035 1447 5094 id
1469 5035 1554 5109 qued
