4375 6284
654 853 719 914 344
1094 867 1138 912 οι
1159 866 1268 912 rsxrn
1289 866 1442 913 rnmrro.

651 1053 751 1113 quam
786 1042 951 1100 corrector
984 1038 1220 1113 superscripsit
1253 1036 1369 1099 littera
1401 1061 1419 1096 ν
1454 1041 1514 1100 aut
1542 1063 1562 1097 α
1593 1043 1682 1109 (nam
1713 1038 1796 1099 lectu
1817 1040 1863 1097 est

651 1151 823 1224 difficilior)
847 1155 1022 1213 exaratum
1046 1154 1136 1212 esset

920 1259 1041 1340 ἐμέλλετ’
1067 1261 1127 1341 ἄρα
1149 1263 1260 1336 πάντες
1282 1261 1436 1325 ἀνασείειν
1458 1264 1537 1342 βοήν
1560 1265 1615 1327 vel
1637 1265 1725 1344 βοάς,

652 1379 913 1454 quotusquisque
946 1378 1049 1440 lector
1083 1378 1248 1439 dubitaret
1282 1379 1361 1452 quin
1396 1379 1542 1453 genuina
1575 1381 1666 1440 esset
1695 1394 1735 1439 ea
1765 1379 1868 1451 lectio,

651 1492 743 1554 solus
765 1493 868 1568 igitur
891 1496 1047 1555 accentus
1070 1491 1253 1567 particulae
1276 1490 1334 1566 ripe
1358 1493 1541 1554 mutandus
1560 1495 1674 1556 esset?
1696 1492 1778 1554 liam
1796 1491 1868 1552 illud

651 1603 803 1666 inscelere
832 1606 911 1684 βοήν
941 1607 1085 1682 speciem
1118 1606 1219 1666 babet
1249 1606 1407 1681 aliquam.
1438 1607 1485 1669 Ne
1516 1622 1605 1668 nunc
1632 1606 1764 1681 quidem
1787 1603 1867 1665 dubi·

650 1723 765 1781 tarunt
794 1721 937 1781 editores
968 1734 1072 1795 nsque
1103 1721 1144 1780 ad
1173 1719 1374 1798 chraeum,
1407 1722 1442 1782 et
1470 1724 1548 1797 post
1577 1719 1766 1782 Dobraeum
1787 1719 1870 1780 inere

650 1835 706 1908 qui
736 1849 801 1897 non
832 1833 1031 1895 dubitarent.
1054 1833 1114 1896 Est
1138 1837 1252 1900 tamen
1277 1835 1397 1910 ,plane
1419 1850 1522 1898 sensu
1545 1850 1688 1896 vacuum
1712 1837 1747 1894 et
1769 1832 1869 1894 absur-

653 1949 756 2009 dum’'
774 1944 807 2025 ¹),
827 1951 862 2009 et
881 1948 976 2009 unice
995 1947 1123 2008 comico
1143 1947 1278 2022 dignum
1299 1947 1403 2009 estid
1422 1948 1507 2022 quod
1527 1948 1675 2009 restit-uit
1692 1946 1870 2009 Dobraeus:

919 2053 1043 2137 ἐμέλλετ’
1069 2057 1130 2137 ἅμα
1153 2059 1286 2132 ιιᾶνιιις
1310 2058 1460 2138 ἀνήσειν
1479 2069 1545 2138 τῆς
1567 2062 1658 2140 βοῆς,

652 2192 732 2238 nam
760 2177 809 2238 sic
838 2177 972 2239 demum
1003 2191 1100 2238 auam
1131 2177 1200 2237 vim
1229 2177 1357 2238 obtinet
1387 2175 1469 2237 illud
1502 2173 1654 2254 ,ἐμέλλετε
1682 2172 1777 2252 ἅμ”,
1804 2174 1825 2234 i.
1845 2187 1870 2233 e

655 2288 733 2366 ,cdx
752 2287 939 2370 ἠγόρευον;”
954 2290 1051 2367 probe
1069 2306 1196 2352 ιιονοοι.
1219 2291 1291 2365 ‚Ita
1308 2290 1453 2364 loquitur
1471 2291 1528 2365 qui
1550 2306 1593 2352 ex
1616 2291 1799 2352 certamine
1820 2291 1871 2349 aut

653 2405 863 2465 contentione
882 2404 987 2466 multo
1006 2403 1119 2466 labore
1135 2403 1271 2465 tandem
1293 2405 1448 2465 dscefflit
1465 2405 1636 2480 superior”
1652 2398 1687 2479 ²),
1708 2405 1748 2464 ut
1764 2402 1871 2475 Diony‘

652 2534 712 2580 sus
734 2519 769 2579 in
792 2519 912 2579 Ranis:

919 2629 1041 2709 ἔμελλον
1064 2629 1123 2709 ἅμα
1145 2627 1218 2693 ποθ’
1242 2631 1322 2710 ὑμᾶς
1344 2634 1474 2695 παύσειν
1496 2643 1552 2694 τοῦ
1574 2633 1657 2707 κοάξ.

697 2745 820 2808 Eodem
838 2746 944 2807 tendit
963 2746 1169 2808 Ravennatis
1186 2746 1287 2809 lectio
1305 2749 1388 2810 Acb.
1402 2750 1478 2826 742,
1497 2749 1553 2810 ubi
1565 2748 1720 2825 puellulis
1731 2749 1873 2810 minatus

653 2860 896 2922 Achaimeneis:
922 2857 970 2919 vol
995 2858 1048 2920 τὸν
1065 2854 1183 2938 Ἑρμᾶν
1208 2895 1248 2904 -
1273 2861 1321 2923 ait
1345 2895 1386 2906 -

1187 2973 1269 3052 ελιιεμ
1292 2970 1375 3048 ιξιῖι’
1401 2975 1517 3049 οἴκαδις

836 3070 838 3075 ¹
919 3085 962 3148 τὰ
992 3096 1126 3164 πρῶνα
1149 3093 1344 3166 πειρασεισθε
1366 3088 1420 3162 τὰς
1442 3093 1531 3167 λιμοῦ
1550 3099 1658 3161 κακῶς.

654 3203 708 3264 Sic
726 3204 767 3279 R,
788 3203 822 3263 in
841 3203 946 3278 signis
964 3201 1147 3264 scribendis
1165 3204 1402 3279 neglegentior,
1417 3205 1718 3279 nequedorismum
1730 3215 1873 3265 sonans.

654 3317 742 3394 Quae
764 3320 941 3394 postquam
965 3319 1114 3378 correcta
1135 3321 1217 3378 sunt
1238 3317 1335 3394 vitia,
1359 3317 1393 3379 in
1416 3319 1526 3380 verbis

1188 3429 1276 3509 αἴπερ
1299 3426 1382 3504 ἱξεῖτ’
1407 3430 1524 3503 οἴκαδις

919 3541 962 3603 τὰ
991 3553 1119 3621 πρᾶτα
1148 3549 1343 3620 πειρασεῖσθε
1365 3555 1417 3617 τᾶς
1439 3550 1530 3620 λιμοῦ
1552 3554 1653 3616 κακῶς

653 3660 785 3734 gravior
814 3674 905 3721 error
934 3660 1126 3735 agnoscitur
1156 3660 1308 3736 demum,
1340 3676 1418 3721 nam
1448 3664 1547 3736 poeta
1576 3660 1713 3722 dederat
1738 3659 1771 3719 id
1794 3655 1872 3732 quod

652 3773 801 3834 restituit
829 3774 978 3834 Abrene:
1009 3770 1172 3850 inpure,
1203 3774 1363 3834 Εοιιονιαι
1389 3775 1425 3834 ιιι·
1445 3775 1638 3850 immrito,
1657 3775 1748 3849 fame
1768 3773 1871 3833 οιιιαι

649 3886 801 3963 peribitis.
824 3887 908 3962 lirgo
932 3888 966 3948 in
989 3887 1136 3948 deterius
1158 3889 1272 3948 textus
1294 3888 1420 3949 sensim
1444 3889 1493 3949 sic
1516 3887 1601 3949 ruit:

697 3997 830 4077 ἄπρατα,
859 3997 879 4058 t
909 4009 1021 4076 ιιρᾶια,
1050 3999 1086 4061 τὰ
1117 4009 1216 4079 πρᾶτα
1247 4001 1307 4073 (sic
1334 4002 1426 4062 codd.
1450 4002 1623 4078 nonnulli),
1648 4000 1683 4060 τὰ
1706 4011 1823 4081 πρῶνα,
1842 4001 1872 4060 et

653 4131 729 4178 cum
754 4130 792 4175 eo
815 4115 1003 4190 corruptela
1024 4116 1249 4192 pervenisset,
1272 4120 1431 4177 exaratus
1454 4118 1509 4178 est
1528 4117 1568 4177 R.

697 4228 767 4289 Non
790 4229 900 4288 minus
919 4233 1033 4304 aperta
1051 4229 1313 4305 paradiortbosis
1331 4233 1384 4291 est
1402 4231 1479 4306 Lys.
1500 4232 1576 4307 eto,
1597 4229 1654 4292 ubi
1673 4229 1703 4291 R
1720 4228 1870 4292 absurde:

919 4340 1167 4421 καταχέουσα
1190 4342 1243 4402 τὸν
1265 4343 1419 4422 ιιροιιοιιὸν
1442 4341 1550 4421 ἄροτος
1572 4336 1592 4422 ἦ
1617 4343 1830 4423 Βοοομινλοις.

654 4455 776 4518 Verum
800 4455 935 4532 praebet
956 4458 1060 4519 codex
1082 4457 1228 4519 deterior
1251 4460 1293 4517 P:

919 4569 1160 4650 κατέχουσα,

687 4849 708 4908 ¹)
725 4855 808 4903 οοοιι
825 4857 856 4904 ιι.
872 4857 902 4904 n.
919 4871 944 4917 p.
963 4859 1019 4904 ναι.

687 4930 709 4996 ²)
725 4934 809 4983 chet
825 4937 842 4984 l.
861 4937 879 4984 l.
