4375 6284
636 824 703 884 248
1117 838 1158 881 nn
1181 836 1387 883 unumunurn

634 1011 842 1086 argumentis
865 1010 996 1072 cantica
1018 1024 1141 1070 canens
1165 1012 1199 1070 et
1221 1009 1314 1070 ducis
1338 1025 1394 1071 ore
1416 1013 1622 1086 spectatores
1641 1012 1812 1088 alloquens
1827 1010 1856 1085 ι1.

633 1127 723 1203 Quae
741 1125 975 1187 interlusiones
993 1124 1108 1186 lectori
1126 1124 1282 1185 hodierno
1301 1123 1399 1197 facile
1418 1126 1547 1200 possint
1563 1127 1666 1187 videri
1677 1130 1859 1189 ornamenti

634 1254 736 1301 causa
762 1254 836 1301 esse
860 1239 1007 1300 additae:
1030 1253 1148 1299 revera
1170 1240 1277 1314 ipsam
1302 1239 1506 1299 comoediam
1530 1238 1690 1317 efficiunt,
1715 1244 1859 1303 actorum

635 1355 746 1414 autem
769 1351 931 1427 colloquia
953 1355 988 1412 et
1009 1351 1186 1425 soliloquia
1209 1352 1251 1411 ad
1276 1350 1366 1411 chori
1388 1351 1463 1413 illos
1481 1352 1600 1429 κώμους
1619 1350 1669 1412 καὶ
1688 1352 1860 1437 1111111111

635 1482 672 1527 11
695 1466 882 1542 colliganda
903 1466 1060 1541 primitus
1083 1467 1164 1525 sunt
1186 1465 1308 1525 addita.

680 1581 744 1642 Sed
767 1582 1009 1656 Aristophanes
1031 1582 1187 1656 quoniam
1212 1580 1252 1641 ab
1276 1582 1359 1641 artis
1382 1582 1528 1643 comicae
1545 1584 1737 1657 primordiis
1755 1581 1862 1659 procul

633 1697 782 1756 remotus
817 1695 1008 1770 cratinique
1044 1695 1186 1769 vestigia
1220 1694 1334 1768 legens
1368 1710 1385 1755 e
1420 1694 1501 1755 iocis
1534 1696 1714 1772 iurgiisque
1750 1697 1861 1757 scurri-

635 1808 722 1869 libus
745 1808 833 1870 heud
856 1811 905 1869 ita
926 1806 1067 1869 firmiter
1089 1809 1176 1869 inter
1199 1809 1379 1869 seiunctis
1402 1808 1482 1870 fecit
1505 1824 1601 1870 veras
1623 1810 1754 1871 fabulas
1775 1812 1861 1870 certo

635 1921 744 1997 aliquo
767 1922 809 1984 ab
831 1925 1028 1998 argumento
1048 1921 1206 1983 deductas
1225 1923 1412 1997 optimeque
1431 1923 1659 1999 cohaerentes,
1680 1939 1747 1985 non
1758 1924 1860 1998 prisco

636 2051 728 2097 more
758 2037 857 2097 choro
888 2036 1061 2098 exordium
1088 2034 1275 2097 fabularum
1300 2035 1387 2097 solet
1409 2035 1563 2112 tribuere,
1587 2038 1646 2098 sed
1670 2052 1773 2098 unum
1796 2036 1859 2113 plu·

635 2166 732 2211 resve
761 2156 891 2212 actores
921 2150 1000 2211 fecit
1026 2150 1227 2226 praefantes.
1252 2150 1306 2211 Sic
1328 2151 1431 2211 etiam
1455 2151 1643 2213 fabularum
1666 2151 1859 2227 tragicorum

635 2264 768 2325 initium
810 2264 890 2325 olim
925 2264 989 2325 fuit
1023 2264 1114 2324 chori
1148 2264 1320 2339 introitus,
1358 2297 1398 2307 -
1434 2279 1533 2339 quam
1567 2280 1638 2326 rem
1673 2264 1857 2326 etiamnunc

635 2380 804 2439 testantur
826 2377 985 2452 Aeschyli
1005 2377 1176 2452 Supplices
1193 2377 1316 2438 Persae
1335 2378 1579 2453 Myrmidonum
1601 2378 1802 2454 fragmenta,
1821 2410 1857 2419 —

636 2495 753 2567 postea
775 2494 924 2552 actorum
952 2490 1063 2552 verba.

641 2676 646 2685 ι
678 2604 836 2681 Pramnio
858 2606 958 2680 igitur
980 2605 1088 2680 prima
1110 2606 1163 2665 est
1186 2604 1373 2666 fabularum
1398 2606 1717 2681 Aristophaneamm
1740 2620 1816 2681 pars
1829 2600 1856 2675 't

636 2718 673 2779 In
704 2734 769 2793 qua
799 2717 838 2780 iit
867 2719 1054 2793 argumenti
1085 2718 1250 2793 expositio
1280 2720 1312 2778 et
1341 2721 1548 2794 spectatores
1579 2719 1618 2780 de
1652 2719 1751 2780 rebus
1781 2734 1856 2793 qnae

635 2833 788 2893 sciendae
818 2835 899 2894 sunt
928 2832 1085 2893 certiores
1116 2832 1306 2908 redduntur,
1338 2832 1523 2909 simplicius
1549 2834 1583 2892 in
1606 2833 1723 2908 primis
1746 2833 1858 2893 fabulis

635 2944 676 3006 ab
694 2946 855 3007 histrione
873 2960 987 3007 secum
1006 2945 1202 3006 deliberanti
1223 2945 1276 3006 vel
1295 2944 1537 3020 spectatoribus
1548 2946 1679 3007 fabulae
1691 2948 1857 3009 materiem

636 3061 819 3135 enarranti,
839 3058 1075 3135 posterioribus
1094 3059 1225 3119 veroin
1245 3058 1367 3119 fabulis
1387 3058 1598 3122 artificiosius
1617 3060 1715 3121 etita
1735 3063 1774 3121 ut
1791 3062 1858 3135 ipsa

635 3176 751 3248 poetae
772 3188 828 3234 ars
849 3172 970 3234 latitet.
994 3173 1048 3233 Sic
1070 3174 1184 3233 autem
1208 3171 1352 3246 prolusio
1373 3172 1444 3248 illa,
1465 3188 1549 3248 quae
1568 3174 1735 3249 cumipse
1755 3172 1858 3235 fabule

635 3287 746 3347 laxius
758 3286 837 3348 olim
859 3286 1069 3363 cohaerebat,
1088 3286 1222 3362 penitus
1242 3286 1366 3346 sensim
1387 3301 1462 3347 cum
1476 3303 1515 3348 es
1527 3287 1707 3362 concrevit,
1722 3287 1861 3364 corporis

640 3401 737 3463 solidi
759 3404 859 3476 atque
881 3402 1003 3477 integri
1027 3404 1127 3476 caput
1148 3399 1269 3461 exinde
1292 3400 1439 3461 dicenda.

680 3515 825 3577 chorum
854 3518 968 3576 autem
991 3516 1147 3590 quoniam
1172 3529 1236 3575 nou
1260 3515 1424 3576 introduci
1446 3518 1577 3577 tantum
1602 3517 1635 3577 in
1659 3516 1859 3577 orchestram

636 3628 806 3704 oportebat
827 3629 884 3689 sed
908 3632 943 3689 et
964 3627 1076 3690 fabula
1099 3626 1193 3688 linita
1216 3629 1291 3689 inde
1314 3628 1445 3705 abduci,
1470 3631 1505 3690 ut
1529 3630 1587 3690 alii
1610 3629 1707 3691 choro
1726 3630 1860 3702 aliisque

636 3742 855 3803 histrionibus
884 3740 977 3803 fleret
1007 3742 1114 3818 locus,
1140 3742 1257 3801 1111111
1280 3741 1387 3803 facere
1411 3742 1498 3803 solet
1519 3743 1754 3805 choreutarum
1778 3744 1860 3803 laeta

635 3871 758 3931 pompa
787 3870 863 3916 eum
886 3856 943 3931 qui
965 3856 1148 3931 primarum
1173 3860 1225 3916 est
1247 3857 1392 3931 portium
1416 3858 1552 3919 domum
1575 3872 1671 3919 suam
1694 3856 1748 3918 vel
1770 3856 1859 3917 alior-

634 3984 711 4031 sum
746 3970 980 4031 deducentium
1016 3970 1188 4030 victorem.
1225 3968 1417 4030 cuiusmodi
1447 3972 1576 4031 exitum
1608 3985 1683 4032 cum
1715 3985 1767 4031 res
1796 3982 1857 4029 uon

635 4084 712 4159 fert,
745 4118 786 4126 —
817 4084 853 4145 in
883 4083 1031 4144 Nubibus
1054 4086 1088 4143 et
1111 4083 1145 4142 in
1168 4082 1534 4161 Thesmophoriazusis,
1561 4118 1601 4129 -
1626 4084 1860 4160 languidiorem

668 4352 689 4413 ¹)
709 4356 853 4403 (1111111111
870 4368 931 4402 cum
948 4354 1162 4413 adspectatores
1179 4368 1207 4401 11
1225 4358 1380 4400 convertunt
1397 4356 1452 4402 sive
1469 4360 1605 4418 noepdpaorr
1618 4364 1745 4411 aunone«,
1761 4354 1861 4415 ponunt

634 4440 657 4481 11
680 4434 744 4493 qnid
765 4436 892 4482 tenebant
912 4434 1052 4481 molestum
1075 4435 1128 4479 1111
1146 4434 1180 4479 111
1197 4433 1323 4489 inturnm,
1341 4435 1432 4493 quales
1450 4440 1512 4482 eunt
1529 4436 1556 4481 11
1573 4436 1640 4483 Pace
1658 4435 1745 4483 tabula
1761 4432 1860 4492 ligones

634 4518 661 4561 et
685 4519 778 4571 111111,
803 4512 901 4574 quibus
923 4514 999 4560 desm
1022 4526 1055 4559 ex
1077 4516 1153 4559 11111
1176 4512 1328 4559 liberarunt
1353 4512 1404 4559 Res
1427 4516 1506 4561 etiam
1526 4518 1614 4575 potest
1631 4515 1700 4563 11111
1717 4518 1747 4561 nt
1762 4516 1857 4559 1111111

634 4598 741 4653 ponant,
763 4598 794 4641 ut
813 4594 840 4639 ln
858 4591 1071 4641 hohrrnensibus
1088 4588 1232 4651 Lysistrata
1249 4590 1538 4651 Thesmophoriennsis.
1556 4592 1607 4641 sed
1625 4596 1731 4641 manent
1746 4598 1857 4655 παραμα-

636 4690 713 4727 νοηις
732 4676 857 4733 quisunt
874 4675 901 4721 in
918 4676 976 4733 ipss
991 4672 1092 4719 tabula:
1112 4672 1213 4731 equites
1230 4684 1262 4719 ex
1279 4684 1348 4731 equo
1362 4685 1411 4719 non
1430 4673 1600 4731 descendunt,
1617 4686 1679 4721 ares
1696 4686 1746 4720 nou
1762 4672 1854 4733 ponunt

632 4756 718 4800 111111
733 4754 775 4801 vel
793 4753 897 4808 enudas,
917 4766 1013 4812 vespae
1031 4756 1138 4799 serrant
1153 4752 1269 4813 aculeos,
1286 4752 1398 4799 11111111
1417 4766 1466 4800 non
1485 4754 1551 4800 dunt
1569 4754 1626 4800 viri.

666 4828 687 4893 ¹)
706 4832 736 4878 ln
753 4832 943 4879 Ecclesiaeneis
958 4830 1019 4878 inde
1037 4845 1052 4878 1
1069 4832 1162 4892 primis
1179 4831 1299 4879 versibus
1317 4830 1413 4878 adsunt
1431 4834 1544 4881 feminae
1563 4846 1577 4879 1
1595 4832 1692 4892 quibus
1710 4832 1739 4879 ut
1754 4830 1840 4878 chorus

633 4924 722 4958 veram
740 4912 929 4972 promotionem
948 4909 1029 4971 igitur
1045 4924 1076 4957 11
1094 4910 1185 4957 fabula
1202 4922 1254 4957 non
1273 4910 1361 4957 habet.
