4375 6284
642 939 685 1000 ot
963 963 970 977 ·
1159 951 1202 997 nn
1224 950 1350 997 eornm

641 1124 750 1184 iuerat
771 1122 872 1184 duces
894 1122 935 1183 ad
958 1121 1077 1197 Pylum
1101 1121 1287 1183 cunctando
1310 1124 1444 1197 tempus
1464 1122 1626 1197 terentes,
1650 1121 1680 1180 is
1703 1120 1774 1196 ipse
1796 1118 1858 1179 iam

642 1252 662 1296 a
684 1236 754 1297 suis
778 1234 939 1296 militibus
961 1235 1177 1295 insimulatus
1196 1238 1247 1295 est
1264 1235 1438 1310 segnitiae.
1459 1234 1583 1310 Quibus
1601 1237 1639 1294 ut
1656 1233 1860 1307 aliquatenus

642 1353 731 1410 certe
765 1349 987 1426 satisfaceret,
1027 1349 1161 1425 propius
1198 1349 1240 1410 ad
1277 1348 1392 1410 urbem
1427 1349 1586 1420 accessit;
1620 1347 1679 1408 sed
1715 1345 1861 1407 hostibus

643 1464 746 1539 portis
768 1464 890 1539 apertis
913 1461 1063 1524 desubito
1086 1462 1318 1539 proruentibus
1341 1477 1419 1523 cum
1439 1462 1550 1536 copias
1568 1476 1649 1520 suas
1667 1459 1862 1536 tempestive

643 1576 824 1638 subducere
857 1592 922 1637 non
957 1576 1135 1652 potuisset,
1170 1575 1262 1636 clade
1297 1576 1499 1651 gravissima
1532 1580 1585 1636 est
1613 1575 1766 1649 affectus,
1797 1573 1863 1647 ipse

643 1691 781 1752 occisus.
817 1690 866 1750 Ex
904 1690 1056 1751 hostibus
1086 1704 1153 1750 non
1189 1689 1255 1750 nisi
1292 1688 1486 1764 paucissimi
1517 1688 1720 1762 ceciderunt,
1751 1687 1785 1746 in
1815 1685 1864 1744 his

643 1805 714 1880 ipse
737 1804 904 1865 Brasidas·

689 2033 797 2093 Nullis
826 2033 930 2094 etiam
960 2032 1230 2094 cavillationibus
1260 2032 1314 2093 vel
1344 2033 1460 2109 iurgiis
1490 2032 1644 2094 cleonem
1675 2029 1868 2093 insectaturi

646 2150 740 2208 erant
773 2149 890 2223 poetae
924 2146 1054 2222 comici,
1092 2146 1192 2206 rebus
1230 2146 1322 2207 enim
1360 2146 1516 2207 humanis
1553 2147 1703 2222 ereptum
1739 2146 1867 2208 fortuna

645 2260 776 2321 funebri
810 2259 868 2319 illa
901 2274 1023 2320 corona
1055 2262 1247 2335 ornaverat,
1282 2274 1366 2334 quae
1400 2259 1473 2321 odio
1504 2259 1693 2320 invidiaeve
1722 2272 1791 2319 non
1820 2259 1868 2317 est

647 2373 799 2434 obnoxia.
813 2416 842 2433 ..

693 2487 746 2547 Sic
775 2486 916 2547 tortasse
946 2500 1061 2546 aecum
1090 2487 1296 2561 reputaverit
1318 2486 1495 2562 quispiam.
1520 2486 1582 2547 Sed
1604 2500 1672 2547 non
1694 2489 1766 2546 tam
1790 2482 1870 2544 lenis

648 2600 865 2676 Aristophani
888 2601 977 2660 certe
997 2602 1069 2660 erat
1092 2600 1237 2675 animus,
1259 2602 1296 2658 ut
1315 2600 1419 2674 partis
1441 2599 1613 2676 popularis
1635 2599 1718 2660 duce
1741 2602 1870 2660 mortuo

648 2715 824 2789 deponeret
842 2714 926 2773 iram
948 2712 1055 2788 illam,
1077 2727 1141 2787 qua
1158 2712 1357 2786 flagraverat
1372 2727 1451 2787 erga
1467 2713 1592 2773 vivum.
1609 2712 1656 2773 De
1671 2714 1869 2788 imperatore

648 2827 717 2902 qui,
743 2825 877 2887 etiamsi
899 2826 981 2885 artis
1004 2825 1141 2886 bellicae
1165 2859 1206 2868 —
1230 2825 1315 2898 quod
1335 2825 1469 2886 aiebant
1487 2826 1726 2887 obtrectatores
1748 2859 1789 2868 -
1808 2838 1869 2884 nou

648 2941 730 3001 satis
759 2939 902 3015 peritum
931 2955 968 3000 se
998 2939 1218 3015 praebuisset,
1247 2939 1409 3000 adversus
1435 2940 1550 3000 hostes
1572 2941 1687 3013 utique
1709 2939 1871 3000 dimicans

649 3057 683 3115 et
712 3069 733 3114 a
762 3053 833 3113 suis
864 3052 1026 3114 militibus
1055 3052 1194 3113 relictus
1225 3053 1404 3128 ceciderat,
1435 3053 1561 3129 patriae
1589 3069 1654 3114 non
1680 3053 1783 3113 verba
1804 3051 1870 3110 sola

648 3171 728 3227 tunc
758 3169 846 3227 certe
876 3166 972 3242 dans,
998 3165 1056 3226 sed
1080 3165 1187 3241 ipsam
1211 3166 1329 3241 vitam,
1354 3165 1459 3226 nihilo
1483 3167 1680 3228 clementius
1703 3167 1772 3227 iam
1796 3164 1870 3225 ludi·

649 3281 739 3341 eavit
763 3294 862 3354 quam
893 3278 989 3354 olim,
1020 3293 1085 3340 non
1113 3278 1352 3354 ignoscendum
1376 3281 1406 3340 ei
1431 3283 1537 3356 ratus,
1562 3280 1690 3354 siquid
1713 3282 1870 3346 errasset.

649 3406 714 3452 non
738 3388 939 3466 parcendum
961 3389 1034 3450 eius
1058 3391 1253 3466 memoriae,
1280 3424 1320 3434 -
1348 3406 1423 3452 cum
1447 3392 1637 3466 Thucydide
1660 3393 1871 3454 historiarum
1959 3436 1960 3461 ,

650 3504 809 3579 scriptore
831 3517 873 3562 ne
897 3516 936 3562 ea
958 3501 1090 3576 quidem
1116 3502 1210 3563 laude
1233 3503 1371 3577 dignum
1395 3505 1535 3582 habens,
1559 3522 1660 3580 quam
1682 3505 1735 3566 vel
1758 3507 1873 3567 sceles-

651 3617 782 3678 tissimo
817 3616 934 3689 cuique
973 3617 1099 3676 homini
1137 3632 1194 3692 pro
1234 3619 1342 3693 patria
1380 3621 1510 3680 mortuo
1548 3619 1759 3681 tribuendam
1794 3620 1874 3681 dixit

651 3733 763 3791 orator
790 3729 846 3790 ille
875 3729 1122 3803 Thucydideus:
1157 3731 1245 3790 vitae
1275 3731 1406 3807 culpam
1436 3732 1503 3793 leto
1532 3733 1729 3794 redemtam.
1761 3733 1874 3806 Itaque

652 3845 754 3904 etiam
784 3843 824 3903 de
853 3845 983 3903 mortuo
1013 3842 1164 3904 Bullione
1187 3847 1285 3919 poeta
1311 3845 1459 3906 comicus
1480 3846 1557 3921 quid
1580 3848 1720 3907 sentiret
1742 3847 1873 3922 apertis·
1959 3848 1960 3877 ²

653 3958 738 4018 sime
767 3956 865 4031 dixit,
894 3990 934 3999 -
963 3959 1091 4030 quoties
1122 3957 1254 4031 quidem
1284 3959 1362 4019 tulit
1390 3959 1538 4033 occasio;
1569 3960 1626 4020 sed
1658 3975 1723 4020 non
1752 3959 1875 4021 ferebat
1959 4010 1960 4021 ,

654 4073 734 4134 haec
763 4074 802 4131 ut
831 4070 936 4130 multa
969 4071 1070 4130 etiam
1103 4071 1142 4130 de
1172 4087 1210 4132 eo
1240 4071 1426 4133 dicerentur
1455 4074 1593 4149 publice.
1623 4074 1708 4134 Nam
1742 4075 1776 4134 in
1808 4087 1875 4133 con·

652 4185 822 4246 troversiis
853 4183 1007 4245 civilibus
1037 4184 1101 4245 etsi
1130 4187 1283 4260 generosi
1312 4188 1415 4247 animi
1445 4191 1656 4263 praeceptum
1685 4187 1785 4248 illud:
1819 4187 1875 4261 ,de
1959 4158 1960 4211 3

655 4299 796 4360 mortuis
824 4296 908 4356 nihil
938 4297 1004 4357 nisi
1027 4297 1111 4358 bene
1134 4313 1208 4358 esse
1232 4298 1429 4360 dicendum”
1454 4301 1565 4361 minus
1586 4301 1672 4362 solet
1694 4301 1821 4377 vigere,
1845 4302 1876 4358 at

654 4411 757 4473 taceri
786 4410 831 4470 ibi
861 4409 948 4471 solet
978 4411 1017 4472 de
1047 4413 1203 4489 mortuis,
1235 4415 1395 4488 quoniam
1425 4430 1469 4475 ex
1498 4415 1673 4476 hominum
1703 4419 1818 4476 mente
1845 4415 1877 4474 et

656 4525 817 4586 memoria
838 4525 938 4586 citius
961 4524 1137 4586 elabuntur
1159 4541 1266 4600 neque
1289 4541 1371 4602 opus
1395 4530 1447 4588 est
1469 4528 1552 4588 deici
1575 4528 1733 4589 iacentes.
1755 4528 1876 4604 Hyper·

655 4637 750 4699 bolus
774 4639 841 4698 iam
864 4652 1053 4698 scurrarum
1077 4639 1167 4700 iocos
1188 4639 1223 4700 in
1245 4654 1282 4700 se
1306 4640 1471 4701 convertit
1493 4640 1645 4716 partibus
1668 4641 1878 4716 popularibus

655 4751 861 4826 praepositus
899 4750 1111 4812 lucernarum
1149 4751 1336 4813 fabricator.
1375 4753 1507 4814 Primus
1546 4755 1580 4814 in
1617 4768 1694 4814 eum
1733 4753 1876 4814 fabulam

658 4865 870 4924 Maricantem
901 4865 1037 4938 scripsit
1062 4864 1212 4940 Eupolis,
1235 4881 1318 4939 quae
1341 4865 1455 4925 fabula
1476 4867 1590 4940 paucis
1613 4868 1786 4926 mensibus
1809 4868 1878 4941 post

658 4976 789 5037 Cleonis
818 4979 959 5036 mortem
985 4980 1035 5037 est
1059 4978 1147 5037 data.
1172 4980 1389 5054 Aristophani
1412 4985 1524 5039 autem
1548 4983 1578 5039 si
1601 4980 1815 5054 credendum,
1841 5008 1878 5022 -
