4375 6284
752 992 830 1036 vm
853 994 893 1038 ΕΤ
916 994 1084 1040 OPERIBUS.

339 1199 377 1211 -
402 1167 517 1242 „Dicto
541 1162 670 1226 scilicet
692 1163 803 1225 facilia
826 1174 905 1226 sunt
926 1165 1050 1229 talla!”

339 1313 376 1326 -
403 1281 531 1356 „Immo
554 1277 807 1340 demonstratu”
835 1312 875 1323 -

301 1398 329 1456 st
358 1408 467 1456 coram
503 1390 698 1453 mulieribus
734 1392 871 1454 chorum
906 1393 1123 1455 efficientibus
1156 1394 1246 1455 clara
1278 1395 1312 1454 at
1346 1393 1518 1470 perspicua

301 1508 435 1568 oratione
468 1506 625 1568 dictatrix
661 1507 797 1581 exponit
827 1507 990 1581 quomodo
1021 1507 1222 1583 permissam
1253 1507 1316 1568 sibi
1347 1507 1516 1569 civitatem

300 1623 337 1683 sit
359 1620 568 1683 ordinatura:

339 1737 365 1805 1)
387 1732 515 1810 Proprii
537 1733 679 1810 posthac
702 1733 829 1795 nemini
851 1734 916 1796 erit
940 1735 1126 1810 quicquam.

337 1850 365 1919 2)
387 1847 639 1909 Matrimonium
663 1846 797 1908 nullum
816 1848 890 1909 erit.

337 1964 364 2030 3)
388 1961 550 2025 Omnibus
572 1960 685 2023 omnia
709 1959 880 2036 praebebit
904 1961 1036 2023 civitas.

334 2076 373 2136 ur
401 2075 504 2137 tertio
535 2074 668 2150 quidem
700 2073 831 2136 decreto
862 2075 1061 2137 adversatur
1089 2090 1199 2137 nemo.
1231 2077 1346 2151 Itaque
1375 2077 1461 2152 quod
1484 2079 1517 2139 in

297 2186 445 2252 cenacula
466 2189 534 2249 iam
558 2189 735 2249 mutantur
757 2185 956 2265 tribunalia,
980 2187 1114 2250 inutilla
1132 2189 1277 2264 alioquin
1295 2190 1329 2251 ln
1348 2192 1519 2266 posterum

297 2303 416 2380 lutura,
440 2301 598 2377 quonlam
618 2301 830 2378 possessione
848 2300 982 2364 sublata
1001 2304 1176 2365 criminum
1197 2303 1298 2365 simul
1316 2303 1449 2366 sublata
1466 2307 1518 2365 est

296 2434 399 2493 causa;
418 2451 462 2460 -
483 2416 569 2492 qnod
592 2417 626 2478 in
650 2415 824 2493 aediculis,
844 2415 900 2478 ubi
919 2417 1065 2479 iudicum
1088 2419 1252 2480 hactenus
1275 2417 1364 2480 iacta
1383 2420 1434 2479 est
1453 2433 1520 2479 sor·

295 2532 361 2593 titio
383 2532 588 2607 quotidiana,
605 2531 829 2592 ¹convivarum
848 2545 936 2593 nunc
952 2531 1116 2594 ducentur
1138 2534 1246 2595 sortes
1264 2547 1325 2595 nec
1343 2534 1517 2609 quisquam

295 2659 326 2704 re
354 2645 478 2707 iniecta
506 2643 584 2705 inde
614 2646 668 2705 est
696 2643 861 2720 abiturus,
893 2645 1050 2718 quonlam
1073 2645 1201 2706 nemini
1221 2660 1288 2706 non
1311 2645 1520 2722 praebebitur

295 2757 482 2832 symbolum
519 2757 629 2818 locum
663 2758 697 2818 in
733 2772 815 2819 cena
849 2759 1019 2822 communi
1053 2759 1220 2833 indicans3
1247 2796 1286 2806 -
1320 2759 1353 2819 in
1388 2760 1518 2836 publico

295 2871 429 2946 denique
462 2873 621 2947 suggesto
656 2870 741 2944 quod
775 2885 841 2932 non
883 2873 1032 2934 oratores
1066 2873 1156 2934 reive
1186 2873 1254 2935 iam
1288 2872 1427 2935 stabunt
1461 2875 1518 2935 sed

294 2989 437 3048 craterae
458 2986 542 3048 bene
566 2984 713 3062 repletae
736 2988 769 3046 et
793 2984 941 3063 bellaria,
965 3019 1003 3029 -
1030 2986 1112 3048 baec
1136 2987 1249 3049 omnia
1271 2989 1421 3048 maximo
1441 3003 1516 3049 curn

293 3098 407 3173 plausu
438 3100 644 3162 audientium
676 3115 695 3160 a
727 3099 898 3162 dictatrioe
928 3100 1092 3164 iubentur.
1121 3102 1188 3163 Nec
1211 3102 1348 3165 dubium
1367 3107 1419 3164 est
1441 3104 1519 3178 quin

293 3214 509 3288 magistratus
528 3214 685 3276 mulieres
705 3228 822 3275 cenam
849 3213 1017 3289 publicam
1037 3230 1141 3290 aeque
1161 3217 1327 3292 egregiam
1347 3217 1415 3277 sint
1429 3232 1520 3292 para·

292 3329 383 3389 tnras
415 3329 517 3402 atque
550 3325 683 3404 publica
716 3329 815 3388 erunt
844 3328 1048 3390 vestimenta
1080 3328 1223 3404 lectique
1258 3328 1390 3405 publici.
1426 3332 1520 3392 Artis

292 3444 401 3502 autem
431 3439 611 3503 culinariae
634 3440 857 3517 peritissimas
880 3443 1023 3503 testatur
1047 3442 1201 3518 placenta
1223 3445 1436 3520 septuaginta
1458 3447 1521 3522 syl·

290 3553 439 3616 labarum
473 3554 623 3628 tantique
654 3554 799 3616 nominis
829 3570 1023 3618 mensuram
1053 3554 1141 3618 mole
1171 3571 1232 3618 sua
1255 3557 1412 3636 implens,
1436 3575 1520 3634 quas

291 3667 347 3727 sub
381 3667 513 3729 tabulae
545 3665 645 3729 tinem
682 3668 830 3730 defertur
863 3669 897 3728 in
937 3669 1062 3747 iorum,
1097 3669 1209 3747 populi
1244 3669 1332 3733 beati
1366 3687 1519 3734 mensam

291 3784 469 3845 secundam
493 3787 660 3845 ornatura.

332 3895 396 3957 Sed
430 3896 602 3971 aliquanto
636 3897 749 3959 minus
783 3898 880 3960 iacile
920 3899 1060 3961 efficitur
1093 3898 1166 3976 illa,
1200 3914 1299 3974 quam
1334 3901 1522 3976 Praxagora

291 4008 358 4069 tieri
379 4011 495 4088 iussit,
519 4011 709 4072 communio
732 4011 893 4073 bonorum
917 4013 952 4073 et
973 4012 1186 4074 feminarum.

330 4125 417 4185 Nam
453 4124 575 4200 privati
609 4124 765 4199 quoniam
796 4124 881 4186 nihil
911 4125 1052 4200 posthac
1082 4128 1134 4186 est
1164 4126 1329 4202 futurum,
1361 4142 1440 4188 suas
1471 4143 1523 4189 res

291 4238 411 4315 singuli
434 4238 554 4299 debent
579 4238 727 4300 conferre
750 4238 784 4299 in
808 4253 907 4299 usum
932 4252 1155 4301 communem.
1180 4239 1275 4301 Unus
1293 4240 1395 4316 igitur
1414 4257 1431 4303 e
1450 4241 1521 4302 Pul·

290 4352 418 4428 tispicis
436 4352 558 4415 vicinis
577 4356 713 4414 tenuem
732 4351 973 4428 supellectilem
993 4356 1071 4415 ante
1091 4353 1227 4415 domum
1246 4370 1343 4416 suam
1356 4355 1523 4418 exordire

290 4465 428 4529 collocat
450 4467 485 4528 in
509 4466 634 4543 platea,
658 4482 739 4529 mox
762 4467 795 4528 in
820 4466 928 4528 iorum
953 4466 994 4528 ad
1017 4467 1141 4530 aediles
1165 4470 1464 4546 transportaturus,
1480 4503 1520 4513 —

290 4579 470 4642 dummodo
512 4579 622 4641 locum
657 4581 808 4642 inveniat
841 4581 1026 4643 carissimis
1060 4581 1132 4643 suis
1166 4583 1329 4644 mensulis
1364 4585 1397 4645 et
1430 4581 1524 4643 sellis

288 4700 462 4768 ceteroque
492 4693 717 4755 instrumento
745 4694 947 4768 domestico;
978 4710 1056 4756 nam
1087 4695 1196 4757 iorum
1228 4697 1342 4757 omnia
1372 4696 1520 4758 omnium

291 4805 371 4866 bona
393 4807 452 4881 qui
474 4807 599 4882 capiatl

329 4920 416 4982 Ecce
447 4921 560 4981 autern
592 4920 679 4982 alius
701 4921 896 4997 supervenit
919 4921 1011 4983 civis·
1035 4921 1096 4998 Qui
1119 4923 1361 4998 impedimenta
1383 4924 1526 4984 miratus

289 5046 342 5107 per
363 5033 515 5111 plateam
538 5033 716 5110 disposita:
