4375 6284
735 981 816 1028 vius
838 982 877 1027 H
899 981 1068 1029 orminos

341 1187 381 1196 -
408 1154 521 1231 „Heus
541 1158 594 1233 tu,
617 1155 784 1218 undenam
806 1155 914 1218 multo
935 1156 1083 1218 manei”

344 1303 381 1313 -
408 1269 837 1346 ,11111111111111111111η

341 1415 383 1426 —
408 1384 543 1461 ¹‚Iamne
564 1383 666 1459 igitur
688 1381 830 1445 finitai”

342 1533 379 1544 -
407 1498 535 1575 „Immo
570 1497 711 1559 dudumi
748 1495 867 1559 Gonoio
902 1496 965 1559 fult
999 1495 1219 1574 amplissima.
1254 1497 1357 1560 Notos
1390 1497 1522 1571 quidem

306 1627 380 1688 ,non
410 1612 536 1676 multos
567 1611 673 1689 vidi‚‘’
698 1644 738 1655 -
762 1626 824 1674 nec
847 1610 985 1688 mirum,
1009 1613 1165 1686 quoniam
1190 1613 1320 1675 maritis
1343 1613 1523 1674 mulierum

305 1727 540 1790 mmuratarum
564 1729 677 1790 vestas
699 1743 764 1791 non
787 1728 879 1790 tuere
901 1731 1050 1806 praesto,
1066 1763 1106 1772 -
1123 1729 1201 1804 ,ssd
1224 1743 1244 1790 a
1264 1729 1372 1791 fronte
1390 1727 1526 1792 sedebat

306 1841 434 1918 ,husus
453 1842 616 1917 quaedam
634 1844 770 1904 caterva
785 1842 1043 1904 homuncionum
1061 1842 1281 1918 pallidorum:
1298 1845 1430 1905 sutores
1443 1843 1525 1905 dios·

306 1972 380 2034 ,rea
404 1957 539 2019 Primus
562 1959 675 2020 autam
698 1957 739 2018 ad
762 1955 863 2020 verbs
885 1957 1036 2020 iacienda
1058 1957 1206 2019 surrexit
1227 1957 1337 2035 lippus
1359 1956 1526 2019 11111111-

306 2073 430 2149 „clides
463 2072 523 2135 cui
552 2072 755 2136 audientiam
787 2074 896 2135 iacere
925 2071 1017 2134 cives
1047 2070 1240 2149 noluerunt,
1264 2073 1339 2136 sed:
1371 2073 1462 2136 Tune
1485 2074 1524 2136 de

305 2189 365 2263 „roi
396 2188 548 2265 publicae
581 2187 802 2264 integritate?
832 2186 1082 2250 acclamabant:
1113 2187 1206 2264 prius
1237 2187 1288 2249 iac
1318 2187 1438 2264 integri
1465 2187 1526 2249 tibi

305 2303 388 2376 ,sint
415 2300 519 2364 oculil
546 2301 692 2363 -Dein
723 2301 764 2362 ad
794 2302 990 2377 suggestum
1022 2301 1165 2362 accessit
1187 2301 1319 2363 Euneon
1340 2301 1524 2379 prudentis·

304 2415 424 2489 ,simus
442 2415 646 2477 mortalium.
667 2414 865 2476 Tunicatum
883 2412 1100 2490 putabamus;
1120 2412 1220 2489 pallio
1239 2415 1353 2476 tamen
1371 2413 1525 2478 indutum

304 2543 356 2602 ,se
379 2529 491 2591 aiebat
514 2529 618 2605 ipse.”

341 2643 466 2705 Probus
487 2642 543 2704 hic
565 2642 616 2704 vir
638 2641 796 2704 atterebat
811 2641 996 2704 remedium
1019 2641 1184 2716 quoddam
1203 2642 1244 2703 ad
1263 2643 1382 2704 cuncta
1399 2644 1525 2718 patriae

301 2755 386 2818 111111
414 2756 566 2819 sananda
587 2756 770 2833 sufficiens,
802 2756 842 2817 ds
866 2756 1039 2818 commodo
1062 2754 1192 2831 publico
1215 2757 1288 2817 tum
1311 2770 1440 2831 quoque
1463 2756 1523 2818 soi·

301 2871 407 2934 licitus
442 2887 518 2934 cum
552 2871 658 2948 ipsius
692 2871 798 2932 vestis
831 2871 954 2932 misere
987 2870 1136 2932 lacerata
1169 2870 1209 2932 de
1238 2871 1389 2932 humoris
1423 2887 1526 2947 paene

300 2985 467 3049 difflueret.
491 2971 705 3048 Erat‘autem
727 2999 831 3047 unum
855 2985 1005 3048 omnium
1028 2983 1317 3060 simplicissimum
1339 2985 1420 3048 illud
1438 2985 1524 3059 quod

301 3099 430 3162 tenebat
447 3101 643 3162 remedium.
669 3100 716 3177 „0
736 3099 860 3177 cires”,
881 3099 943 3175 ait,
969 3098 1196 3175 ,singidonum
1217 3113 1331 3162 coram
1343 3099 1525 3160 habeamus

300 3215 447 3276 cunctil”
478 3213 560 3276 Dein
584 3215 659 3276 irinc
683 3228 824 3275 exorsus
847 3213 924 3276 tulit
946 3213 1150 3275 senientiam
1174 3214 1213 3274 ut
1240 3212 1313 3288 lege
1336 3213 1526 3275 iuberentur

298 3325 439 3390 itriionss
461 3343 520 3404 per
539 3343 673 3389 mensos
691 3327 853 3390 hiemales
872 3327 936 3389 civi
958 3326 1091 3388 cuilibet
1109 3326 1233 3402 algenti
1253 3341 1376 3389 noram
1396 3329 1523 3388 vestem

299 3440 392 3518 dare,
422 3443 524 3517 utque
556 3442 761 3504 oitlcinarum
784 3440 909 3504 domini
931 3439 1122 3502 hominibus
1144 3440 1266 3516 indigis
1287 3440 1410 3502 lectum
1434 3455 1524 3517 prse-

299 3554 373 3616 bere
395 3555 479 3617 bene
502 3556 628 3618 siccum
652 3558 686 3617 ot
710 3555 868 3618 calidum.

340 3668 475 3746 Optime
516 3669 679 3732 hactonus
715 3670 925 3745 Praxagorae
957 3667 1059 3730 cessit
1092 3683 1166 3729 res:
1202 3668 1293 3728 viam
1329 3668 1359 3730 ei
1394 3665 1524 3729 Euaoon

298 3783 418 3844 stravit
441 3783 577 3845 inscius.
600 3782 684 3845 Nam
708 3782 859 3844 vestiarii
888 3784 923 3845 11
951 3781 1177 3843 cubiculorum
1205 3781 1233 3842 11
1256 3779 1384 3857 publice
1408 3781 1525 3843 habea·

297 3895 350 3956 tur
384 3911 479 3974 cura,
514 3896 626 3972 quidni
665 3896 828 3958 habeatur
869 3895 971 3957 etiam
1005 3895 1161 3956 culinae?
1195 3895 1267 3956 11111
1300 3896 1416 3956 autem
1451 3910 1526 3969 quo·

298 4023 453 4072 rumnam
486 4011 597 4087 potius
626 4024 725 4084 quam
757 4009 935 4071 mulierum
966 4024 1100 4071 summa
1129 4007 1188 4070 dat
1212 4011 1376 4085 potestasi
1409 4009 1525 4083 Itaque

297 4123 488 4201 Praxagora
522 4158 562 4168 —
594 4125 681 4202 sive,
717 4126 755 4185 ut
789 4123 949 4186 chremes
982 4123 1138 4206 loquitur,
1176 4123 1349 4200 ,princeps
1383 4123 1525 4185 istorum

297 4238 472 4299 sutorum”
503 4269 545 4280 -
577 4253 653 4299 cum
685 4237 856 4300 civitatem
886 4237 1021 4300 leminis
1050 4236 1199 4314 permitti
1230 4236 1343 4314 iussit,
1375 4237 1527 4314 plurimis

299 4349 378 4411 vicit
413 4351 601 4414 sententiis.
633 4350 716 4427 Quid
750 4350 840 4413 onim
875 4350 1029 4413 obstabat
1059 4349 1237 4425 quominus
1268 4350 1366 4412 huius
1399 4364 1527 4425 quoquo

300 4465 474 4541 regiminis
504 4464 599 4527 111111
628 4463 837 4542 periculum?
867 4464 983 4527 Cetera
1011 4463 1080 4526 iam
1110 4467 1189 4525 sunt
1217 4464 1367 4540 cognita5
1392 4478 1471 4526 nam
1494 4466 1528 4526 11

298 4581 450 4642 omnium
480 4579 719 4656 aliquantisper
748 4579 812 4640 iuit
836 4579 1018 4641 dominatio
1042 4578 1197 4640 etunius
1221 4579 1256 4639 et
1278 4577 1391 4640 decem
1416 4577 1527 4639 virum

297 4697 330 4753 11
363 4693 646 4770 quadringentum
688 4693 722 4754 et
759 4691 902 4768 quinque
936 4691 1070 4752 milium
1104 4694 1138 4752 et
1172 4691 1310 4768 triginta
1345 4691 1453 4752 virum
1485 4725 1525 4735 -

297 4809 328 4866 et
358 4807 451 4869 maie
482 4808 653 4869 verterunt
683 4806 812 4867 omnia:
843 4821 947 4868 unum
974 4805 1153 4867 mulierum
1175 4805 1353 4881 imperium
1377 4804 1528 4866 Athenae

296 4921 446 4983 nondum
481 4920 650 4997 viderunt,
671 4965 680 4982 .
701 4964 738 4983 ..
773 4921 868 4996 grata
909 4923 1022 4982 autem
1062 4934 1195 4995 semper
1229 4919 1296 4981 iilic
1329 4921 1408 4980 sunt
1442 4932 1529 4980 nova

296 5033 475 5108 quaslibet
