4375 6284
645 920 685 978 14
1159 933 1201 977 nn
1223 933 1350 978 sorau

640 1106 795 1166 heroibus
823 1103 976 1180 plurimis
1006 1103 1106 1164 ducta
1128 1102 1266 1178 origine.
1289 1102 1400 1164 Gloria
1422 1103 1629 1165 cumulatum
1652 1109 1724 1166 erat
1746 1120 1862 1167 nomen

640 1219 804 1292 Atticum,
841 1220 874 1278 et
913 1217 1105 1278 Marathone
1144 1215 1311 1278 Salamine
1349 1216 1494 1279 Plataeis
1529 1218 1761 1281 continuatum
1794 1221 1863 1280 erat

640 1333 832 1410 populorum
863 1332 943 1393 illud
973 1331 1098 1392 bellum
1128 1331 1271 1407 avitum,
1296 1331 1337 1392 ad
1360 1331 1447 1404 quod
1470 1332 1714 1394 decernendum
1734 1334 1862 1394 Troiam

640 1449 719 1509 olim
750 1448 915 1523 petiverat
940 1447 1058 1508 classis
1081 1447 1273 1508 Atridarum
1298 1445 1491 1507 innumera:
1515 1445 1668 1507 Priamus
1690 1449 1724 1508 et
1745 1447 1863 1508 Hector

640 1563 832 1625 revixerant
854 1563 887 1621 in
910 1562 1007 1622 Dario
1030 1564 1063 1623 et
1086 1562 1210 1636 Xerxe,
1235 1564 1467 1636 Agamemnon
1490 1563 1656 1636 ceterique
1674 1561 1774 1637 prisci
1793 1561 1864 1622 aevi
1957 1644 1960 1653 Ι

640 1693 736 1752 reges
755 1679 787 1738 in
808 1677 953 1738 Miltiade
972 1677 1196 1740 Themistocle
1214 1678 1394 1755 Pausania,
1415 1681 1450 1738 ot
1468 1693 1557 1739 nunc
1576 1692 1704 1754 quoque
1718 1677 1864 1753 Europae

641 1793 786 1852 cesserat
810 1792 900 1852 Asia.

685 1905 778 1966 Talia
796 1905 897 1981 igitur
917 1905 1067 1980 patribus
1085 1905 1269 1966 tribuerant
1288 1905 1428 1966 numina
1446 1905 1583 1982 Graeca,
1603 1905 1664 1967 tali
1684 1906 1864 1982 eosgloria

641 2023 850 2080 ornaverant.
871 2019 993 2080 Maiora
1012 2034 1146 2094 sperare
1165 2019 1307 2082 Graecos
1323 2019 1481 2081 vetabant
1500 2020 1609 2096 pietas
1631 2024 1664 2082 et
1684 2021 1862 2081 modestia:

640 2135 814 2194 servarent
842 2133 940 2193 modo
965 2135 1082 2208 parata
1112 2133 1293 2209 dignosque
1321 2149 1359 2194 se
1382 2136 1590 2209 praestarent
1613 2134 1749 2194 deorum
1772 2134 1863 2195 bene·

639 2245 737 2320 liciis,
762 2246 846 2306 satis
869 2248 956 2316 erat;
978 2246 1042 2307 hoc
1063 2246 1303 2321 patrimonium
1330 2247 1413 2308 haec
1435 2247 1541 2308 officia
1563 2245 1643 2307 tiliis
1665 2247 1865 2321 reliquerant

642 2359 956 2421 Marathonomachi.
990 2359 1113 2434 Quibus
1143 2360 1257 2422 officiis
1286 2374 1329 2422 ne
1357 2358 1475 2422 flerent
1502 2361 1661 2438 impares,
1691 2361 1863 2422 concordia

642 2489 718 2535 vere
740 2473 886 2535 fraterna
908 2474 1113 2534 sociarentur
1134 2489 1270 2536 necesse
1291 2477 1380 2535 erat:
1403 2489 1506 2536 unam
1528 2474 1692 2537 familiam
1715 2478 1776 2536 aut
1793 2491 1865 2537 esse

641 2591 700 2649 aut
718 2586 789 2648 lieri
808 2586 980 2648 Graeciam
998 2586 1154 2648 volebant
1172 2589 1319 2649 caelites.
1338 2588 1411 2650 Non
1431 2589 1545 2650 eadem
1561 2589 1693 2664 quidem
1712 2591 1865 2652 omnibus

642 2701 776 2764 Graecis
798 2702 922 2778 studia,
948 2716 1012 2763 non
1036 2702 1172 2764 easdem
1195 2703 1319 2778 ingenii
1337 2685 1439 2764 dotes⁴
1451 2703 1613 2764 tribuerat
1632 2705 1766 2782 natura,
1786 2718 1867 2779 quae

643 2832 700 2892 per
721 2815 849 2893 patriae
872 2815 1060 2877 communis
1082 2816 1159 2891 iuga
1182 2817 1216 2876 et
1238 2815 1366 2877 insulas
1384 2831 1442 2877 eos
1460 2818 1647 2892 sparserat;
1667 2817 1726 2878 sed
1744 2817 1865 2879 iratres

646 2933 760 2991 temen
784 2944 841 2990 eos
864 2931 1037 3006 genuerat,
1061 2932 1097 2991 et
1119 2928 1296 2990 artioribus
1318 2931 1385 2990 iam
1409 2930 1553 2992 vinculis
1574 2930 1609 2991 hi
1630 2931 1751 2992 tratres
1774 2933 1869 2992 erant

643 3045 746 3106 iuncti
769 3058 869 3119 quam
892 3057 974 3104 aevo
998 3042 1188 3119 Homerico,
1213 3058 1277 3117 quo
1301 3058 1342 3102 ne
1360 3057 1480 3104 nomen
1499 3043 1631 3118 quidem
1650 3046 1722 3105 erat
1739 3045 1868 3106 cunctis

642 3173 827 3219 commune.
859 3157 953 3219 Nunc
979 3171 1100 3218 nomen
1125 3156 1285 3217 Graecum
1309 3156 1501 3232 splendidae
1523 3156 1631 3219 laudis
1654 3158 1782 3220 lumine
1803 3158 1866 3220 suf·

640 3273 751 3332 iusum
786 3271 854 3332 late
889 3271 973 3331 inter
1006 3269 1164 3331 mortales
1193 3274 1265 3330 erat
1294 3271 1517 3347 conspicuum.
1552 3271 1719 3347 Quantilla
1752 3274 1865 3334 autem
1968 3254 1969 3257 ¹

640 3387 737 3446 erant
774 3399 858 3460 quae
891 3383 995 3444 Dorss
1033 3383 1074 3443 ab
1109 3383 1246 3444 Ionibus
1277 3383 1527 3460 distinguebant
1560 3385 1601 3446 ad
1636 3386 1754 3461 ingens
1786 3384 1867 3447 illud
1968 3452 1969 3463 ,

641 3498 819 3560 discrimen
850 3497 967 3558 ambos
991 3511 1010 3557 a
1032 3484 1183 3557 barbarie
1205 3497 1395 3573 seiungene,
1421 3498 1509 3558 viros
1531 3497 1652 3559 liberos
1673 3499 1868 3574 populisque
1968 3470 1969 3481 ἵ

641 3611 793 3687 regendis
811 3614 910 3673 natos
930 3609 970 3671 ab
990 3611 1166 3673 immensis
1185 3610 1338 3686 gregibus
1357 3611 1530 3672 hominum
1549 3611 1749 3672 Asianorum
1767 3613 1868 3673 unius

641 3727 729 3801 regis
753 3725 916 3786 voluntati
938 3725 1106 3787 serviliter
1130 3726 1399 3799 obsequentiumt
1424 3723 1610 3786 concordes
1631 3725 1731 3785 modo
1754 3728 1870 3787 essem

640 3839 769 3915 Graeci,
795 3839 1023 3901 felicissimam
1043 3841 1084 3901 iis
1108 3842 1232 3901 sortem
1253 3838 1477 3901 concedebant
1492 3838 1650 3916 Olympii,
1670 3853 1777 3912 neque
1794 3838 1868 3900 fleri

640 3955 771 4028 poterat
790 3955 827 4012 ut
845 3952 885 4013 ab
903 3952 1127 4014 Orientalibus
1142 3952 1317 4027 mancipiis
1332 3952 1596 4028 opprimerentur
1612 3953 1704 4013 cives
1721 3954 1869 4029 patriam

639 4069 800 4128 tutantes.
822 4065 917 4128 Rixis
941 4081 1018 4128 vero
1040 4066 1197 4128 fraternis
1223 4066 1375 4126 maxima
1396 4066 1527 4127 inerant
1549 4065 1639 4127 mala
1660 4068 1761 4139 atque
1783 4067 1870 4142 peri·

640 4181 725 4241 cula.
750 4180 833 4240 'i'um
858 4195 934 4241 cum
959 4181 1190 4254 Agamemnon
1213 4181 1247 4241 et
1269 4179 1416 4240 Achilles
1442 4179 1528 4240 inter
1548 4194 1586 4240 se
1608 4179 1868 4254 dissentiebant,

640 4295 762 4357 Hector
792 4294 955 4368 sanguine
984 4292 1195 4370 flammisque
1218 4295 1328 4355 castra
1350 4292 1478 4354 Achiva
1501 4294 1636 4354 miscuit
1658 4296 1693 4354 et
1714 4293 1871 4356 Patroclo

641 4408 759 4469 mortis
788 4423 888 4469 causa
917 4406 980 4467 fuit
1011 4407 1144 4468 illorum
1174 4407 1240 4482 ira;
1271 4407 1390 4468 sedin
1413 4406 1556 4480 gratiam
1579 4408 1756 4482 postquam
1778 4408 1872 4470 inter

640 4540 677 4585 se
704 4523 886 4597 redierunt,
918 4523 1080 4583 Asianum
1110 4535 1222 4596 regem
1252 4521 1459 4598 superarunt.
1489 4520 1582 4581 Idem
1605 4520 1691 4594 quod
1714 4521 1873 4582 hostibus

640 4638 751 4699 favere
773 4638 826 4696 est
848 4636 934 4696 inter
956 4649 993 4697 se
1015 4635 1244 4698 contentiones
1266 4634 1401 4710 agitare.

684 4750 905 4812 Athenienses
935 4753 1047 4810 autem
1071 4765 1131 4812 cnr
1151 4750 1286 4811 tandem
1310 4749 1377 4811 tela
1399 4750 1627 4809 converterent
1649 4747 1684 4807 in
1705 4749 1872 4812 Lacedae-

641 4878 775 4926 monem
806 4863 967 4925 Leonidae
997 4864 1152 4940 patriam,
1183 4861 1317 4925 firmum
1346 4861 1427 4922 illud
1457 4861 1643 4922 honestatis
1667 4862 1873 4940 virtutisque

641 4979 794 5040 militaris
824 4978 1038 5054 praesidium,
1072 4978 1166 5039 cuius
1194 4977 1286 5038 cives
1313 4975 1392 5038 licet
1414 4977 1506 5036 vario
1531 4975 1655 5036 artium
1678 4979 1871 5057 disciplina·
