4375 6284
721 964 801 1010 vrra
823 966 863 1011 sn
885 965 1053 1013 commus.
1441 951 1505 1010 133

294 1139 452 1200 teriumm
485 1137 668 1200 delectatur
698 1138 870 1202 memoria.
902 1138 1014 1201 'Delius
1044 1138 1145 1202 habet
1167 1153 1250 1212 quae
1274 1137 1460 1199 reverentia
1483 1137 1512 1198 ei

294 1250 381 1326 digna
402 1252 483 1312 sunt
508 1251 592 1313 visa

328 1477 488 1554 Dionysus
511 1479 701 1542 reverentia
725 1479 846 1556 dignus
868 1481 899 1542 ei
918 1495 983 1543 uon
1002 1480 1147 1542 videtur.
1168 1480 1271 1556 Quam
1293 1479 1375 1540 iocis
1392 1478 1512 1556 petivit

290 1592 558 1668 petulantissima
580 1595 613 1655 et
636 1594 790 1669 quicquid
812 1595 846 1655 in
866 1595 994 1657 Avibus
1012 1595 1125 1657 iabuia
1142 1596 1182 1657 de
1202 1593 1365 1670 Olympiis
1384 1593 1509 1653 dictum

291 1709 334 1768 est
360 1707 496 1769 audacia
528 1707 627 1783 longe
658 1708 902 1783 superantibus.
933 1708 1017 1770 Nam
1048 1709 1158 1784 magis
1188 1709 1330 1784 ignavus
1361 1705 1510 1781 magisve

290 1821 453 1900 gloriosus,
478 1823 588 1899 magis
610 1820 781 1898 improbus
803 1823 899 1885 suive
922 1823 1090 1886 amantior
1113 1838 1188 1885 esse
1212 1838 1277 1884 non
1297 1822 1405 1899 potuit
1424 1818 1509 1892 quis·

290 1951 379 2010 quam
419 1937 507 1998 iuter
544 1935 730 2013 ,Euripidis
763 1936 1006 2000 admiratores”
1040 1953 1140 2012 quam
1175 1937 1336 1999 ridiculus
1371 1935 1424 1996 hic
1458 1935 1511 1994 est

290 2050 378 2122 deus;
411 2051 466 2124 qni
503 2065 579 2112 cum
613 2065 633 2110 a
668 2049 820 2112 Plutonis
854 2050 997 2113 ianitore
1030 2051 1145 2127 flagris
1179 2051 1336 2127 caeditur,
1370 2048 1510 2110 minime

289 2163 492 2238 indignantur
525 2165 731 2240 spectatores
765 2163 883 2226 caliido
913 2165 1070 2241 mancipii
1101 2162 1243 2226 artificio
1279 2163 1507 2239 vapulantem,

290 2277 340 2337 sed
368 2277 624 2339 meritissimum
653 2277 753 2354 plecti
782 2277 943 2355 gaudent,
968 2279 1036 2339 risu
1060 2293 1164 2354 paene
1187 2278 1396 2340 emorientes.
1419 2275 1508 2337 Deus

289 2392 391 2452 autem
421 2389 480 2451 vix
511 2392 578 2464 est;
609 2405 689 2453 nam
723 2391 784 2466 ,ad
816 2391 894 2452 deos
924 2391 1017 2453 dolor
1048 2407 1113 2454 non
1137 2393 1316 2475 partirer,
1341 2392 1405 2453 iste
1429 2405 1508 2452 vero

288 2502 445 2580 Dionysus
476 2503 557 2566 dum
587 2503 703 2566 baculo
733 2503 822 2566 male
853 2504 1030 2582 mulcatur,
1056 2506 1115 2567 vix
1143 2507 1323 2582 compescit
1346 2506 1509 2567 clamores

289 2616 426 2680 dolorem
449 2618 646 2681 indicantes.
669 2617 836 2694 Euripidis
859 2619 986 2680 scilicet
1009 2617 1170 2696 placitum
1200 2620 1298 2681 iliud:

458 2732 513 2809 ,Si
536 2732 613 2805 quid
636 2731 772 2793 scelesti
796 2733 860 2793 diis
882 2731 1004 2809 piacet,
1029 2747 1093 2794 non
1119 2735 1198 2795 sunt
1221 2733 1295 2794 dei”

289 2847 318 2904 in
340 2846 526 2907 comoediae
549 2845 726 2908 dictionem
750 2847 799 2908 sic
821 2861 1020 2908 conversum
1043 2850 1158 2909 movet
1181 2848 1451 2923 admirationem,
1476 2849 1510 2908 et

289 2960 443 3021 comicum
474 2961 608 3036 poetam
638 2975 659 3020 a
688 2959 825 3036 tragico,
859 2974 958 3035 quem
989 2959 1066 3022 boni
1089 2961 1173 3021 nihil
1197 2961 1318 3022 habere
1342 2959 1507 3037 perhibet,

288 3075 414 3150 propius
447 3073 572 3136 distare
607 3088 694 3135 nunc
728 3089 857 3149 quoque
892 3078 1038 3151 apparet.
1074 3075 1160 3136 Nam
1195 3091 1237 3137 ax
1273 3073 1510 3150 Aristophanis

288 3191 394 3249 mente
424 3189 490 3250 nisi
519 3189 681 3251 radicitus
703 3189 820 3251 evulsa
842 3191 933 3252 esset
956 3190 1091 3251 deorum
1117 3190 1318 3266 reverentia,
1343 3203 1407 3263 qua
1430 3203 1510 3263 puer

286 3301 389 3364 iuerat
406 3304 569 3381 imbutus,
590 3319 695 3378 neque
715 3304 878 3366 voluisset
896 3319 1002 3379 neque
1022 3305 1189 3380 potuisset
1208 3307 1279 3366 tam
1299 3303 1416 3380 libere,
1436 3305 1506 3364 tam

287 3417 431 3487 proterve
460 3417 561 3479 iocari
591 3417 631 3478 de
662 3416 735 3494 deo,
769 3418 864 3479 cuius
895 3417 946 3478 die
969 3417 1054 3480 iesto
1078 3419 1154 3478 acta
1177 3419 1228 3479 est
1252 3416 1377 3494 fabula,
1401 3432 1506 3479 sacer·

286 3528 357 3591 dote
385 3531 521 3606 Dionysi
549 3546 642 3593 more
671 3531 769 3593 solito
795 3534 1004 3607 spectantes
1026 3532 1138 3594 media
1160 3532 1259 3608 primi
1282 3532 1407 3594 ordinis
1430 3532 1507 3594 sede

286 3641 625 3708 honorificentissima.

326 3757 395 3818 Non
428 3758 532 3820 nimis
566 3774 683 3821 severe
714 3758 913 3829 diudicanda
941 3761 1021 3821 sunt
1051 3758 1146 3837 taiia,
1179 3774 1243 3821 non
1272 3759 1374 3820 nimis
1396 3758 1507 3832 inique

284 3870 428 3950 ferenda,
442 3920 450 3936 .
465 3918 496 3936 ..
524 3873 615 3935 aliud
646 3876 698 3936 est
728 3873 857 3950 pondus
887 3873 1083 3935 facetiarum
1115 3887 1197 3949 quas
1220 3872 1360 3948 protulit
1383 3887 1511 3934 comoe-

284 3983 354 4046 diae
376 4002 430 4049 ars
452 3987 707 4064 procacissima,
733 3987 820 4049 aliud
844 3987 1087 4049 sententiarum
1109 3987 1149 4049 ab
1169 3987 1322 4064 Euripide
1341 3987 1381 4049 de
1400 4002 1510 4048 rerum

284 4103 398 4160 natura
420 4101 568 4177 ipsisque
592 4101 663 4162 deis
686 4101 719 4162 in
744 4101 908 4162 dramatis
930 4101 1154 4177 prolatarum,
1170 4147 1177 4162 .
1192 4147 1221 4162 ..
1246 4101 1411 4176 sacrilegii
1432 4100 1512 4161 nihii

284 4212 342 4273 ioci
364 4215 420 4276 isti
442 4214 565 4277 habere
588 4215 854 4278 videbantur...

323 4325 506 4392 Verissimo
529 4330 677 4406 proiecto
702 4330 784 4391 haec
807 4329 934 4391 omnini
961 4329 1022 4391 Sed
1046 4329 1133 4405 quod
1158 4330 1321 4405 sacrilega
1342 4330 1424 4391 talia
1446 4343 1513 4390 non

282 4444 358 4502 suni
381 4441 466 4520 visa,
494 4476 535 4487 -
561 4444 646 4517 quod
678 4458 742 4504 non
775 4443 885 4504 solum
916 4443 1129 4519 impudentes
1153 4444 1253 4518 aliqui
1278 4443 1512 4520 cachinnoues,

281 4555 337 4615 sed
360 4557 463 4619 etiam
488 4557 540 4618 vir
562 4560 634 4618 tam
658 4557 739 4618 culti
762 4558 888 4632 ingenii
908 4572 1008 4632 quam
1027 4558 1092 4618 init
1110 4558 1366 4634 Aristophanae,
1387 4557 1511 4618 duxere

282 4667 372 4730 licita
400 4673 434 4731 et
462 4672 619 4749 innocua,
651 4671 683 4732 id
714 4671 824 4746 ipsum
856 4675 909 4732 est
935 4671 1019 4745 quod
1043 4672 1301 4734 admirationem
1325 4670 1512 4747 legentibus

282 4781 373 4844 hodie
403 4785 537 4863 incutit,
569 4788 602 4846 et
632 4786 666 4847 in
690 4785 798 4862 ipsius
821 4789 938 4862 poetae
961 4789 1074 4847 mente
1097 4801 1198 4859 quam
1220 4785 1329 4847 multa
1351 4784 1511 4846 volventi·

281 4895 338 4958 bus
361 4900 462 4960 annis
485 4901 617 4961 mutata
647 4900 772 4962 fuerint
794 4900 981 4962 luculenter
1003 4901 1108 4962 docet.
1140 4901 1357 4976 Anaxagoras
1380 4902 1511 4976 propter

280 5013 430 5086 spretum
460 5013 598 5076 deorum
629 5015 756 5077 cultum
785 5016 961 5077 incusatus
984 5019 1051 5093 est,
1076 5015 1204 5078 socrati
1229 5016 1262 5076 in
1285 5015 1451 5076 satisfuit
1475 5017 1510 5074 ut
