4375 6284
662 881 728 941 298
1102 901 1143 944 nr
1166 899 1275 944 rnxnu
1296 899 1450 945 rmnrro.

663 1068 761 1131 calce.
793 1070 856 1131 Pro
879 1069 978 1149 κημὸν
1001 1072 1132 1147 legatur
1155 1079 1303 1150 κῶμον,
1325 1071 1475 1132 deleatur
1497 1073 1611 1133 autem
1634 1077 1754 1148 ψῆφον,
1775 1073 1871 1147 utpote

661 1182 814 1245 lectionis
837 1186 978 1247 vitiosae
1000 1187 1338 1261 interpretamentum
1354 1181 1386 1256 ¹).

707 1299 773 1360 Neo
796 1315 861 1361 non
885 1301 1072 1363 afferendus
1092 1301 1147 1363 hic
1166 1301 1297 1362 videtur
1315 1300 1402 1362 Eecl.
1422 1302 1498 1362 627.
1518 1301 1556 1361 In
1575 1316 1664 1362 noro
1683 1301 1763 1376 reip.
1781 1303 1871 1374 statu,

662 1411 852 1488 Praxagora
875 1415 936 1490 ait,
962 1430 1039 1476 cnm
1063 1419 1097 1476 et
1120 1418 1232 1478 cetera
1254 1416 1445 1477 communia
1467 1419 1564 1478 erunt
1583 1418 1617 1477 et
1633 1416 1805 1490 mulieres,
1824 1430 1874 1476 non

662 1527 769 1602 pulcri
810 1528 873 1588 viri
910 1528 973 1591 soii
1009 1563 1048 1574 -
1084 1530 1117 1591 id
1151 1531 1237 1605 quod
1272 1528 1450 1591 verebatur
1483 1528 1646 1606 Blepyrus
1680 1563 1722 1573 -
1756 1528 1875 1590 feminis

663 1641 825 1718 fruentur,

752 1752 827 1815 ἀλλὰ
849 1751 1018 1833 φυλόξουσ’
1044 1756 1076 1818 οί
1095 1756 1279 1837 φαυλότεροι
1301 1756 1372 1830 τοὺς
1393 1756 1537 1830 καλλίους
1560 1755 1706 1829 ἀπιόντας

752 1868 814 1932 ἀπὸ
835 1880 890 1933 τοῦ
914 1872 1054 1949 δείπνου,
1076 1869 1128 1932 καλ
1150 1867 1314 1950 τήρήσοαο’
1341 1869 1389 1931 tui
1412 1877 1507 1933 τοῖσιν
1531 1872 1793 1950 δημοσίοισιν

753 1985 790 2046 οἱ
812 1986 1052 2067 φαυλότεροι
1073 1985 1151 2048 eote
1174 1985 1288 2060 ἶξεσται
1310 1985 1394 2064 παρὰ
1417 1991 1492 2046 τοῖσι
1514 1990 1617 2057 καλοῖς
1640 1985 1842 2064 καταδαρθεῖν

753 2105 831 2161 ταῖσι
853 2099 992 2180 γυναιξίν
1014 2098 1107 2182 ιτρίν
1129 2105 1191 2172 τοῖς
1219 2100 1352 2180 αίσχροῖς
1374 2097 1426 2160 καί
1448 2105 1510 2172 τοῖς
1529 2105 1648 2178 μικροῖς
1666 2099 1879 2180 χαρίσονται.

708 2214 762 2277 Sic
783 2215 821 2276 R.
852 2215 890 2276 In
914 2217 943 2274 Γ
962 2215 1167 2277 desideratur
1190 2230 1307 2277 versus
1330 2215 1567 2292 paenultimus.
1590 2214 1765 2277 limbiema
1786 2214 1878 2275 mani·

665 2329 789 2391 testum
831 2328 864 2390 σί
902 2328 1083 2406 φαυλότεροι
1117 2329 1164 2390 ibi
1198 2329 1320 2391 delevit
1353 2330 1535 2406 Tyrwhitt,
1571 2328 1647 2390 dein
1680 2327 1882 2406 probabiliter

665 2443 813 2521 explevit
842 2442 953 2505 verbis
983 2440 1048 2502 καί
1077 2448 1158 2515 τοῖς
1188 2443 1379 2522 μεγάλοις
1401 2447 1478 2520 post
1499 2447 1602 2516 καλοῖς
1624 2444 1773 2505 insertis.
1795 2442 1879 2502 Prae·

664 2561 755 2618 terea
783 2558 817 2618 in
841 2572 940 2618 versu
963 2557 1083 2618 ultimo
1106 2561 1185 2616 ταῖσι
1206 2555 1340 2636 γυναιξί
1363 2554 1586 2636 πρλν<όν>
1615 2555 1880 2636 ...χαρίσωνται

665 2672 813 2732 restitnit
841 2671 977 2733 Porsen.
1000 2670 1148 2745 Denique
1171 2686 1230 2747 pro
1252 2671 1443 2749 δημοσίοισιν
1462 2672 1592 2746 legatur
1615 2670 1880 2748 δωματίοισιν.

665 2786 738 2847 Non
768 2786 857 2846 enim
888 2787 974 2862 apud
1005 2787 1180 2864 carnifices,
1211 2801 1317 2861 neque
1340 2786 1425 2861 apud
1447 2786 1579 2846 κιαίίσοι
1599 2785 1763 2862 publicos,
1786 2797 1883 2856 neque

666 2915 767 2977 prope
795 2901 862 2962 loco
892 2902 1003 2963 neseio
1028 2916 1112 2976 quae
1135 2899 1267 2975 publica
1289 2934 1330 2944 —
1355 2901 1411 2961 ubi
1432 2900 1515 2961 talia
1536 2915 1603 2961 non
1625 2903 1826 2975 peraguntur
1846 2927 1882 2940 -·

666 3014 846 3077 adstabant
870 3017 932 3077 viri
956 3017 1185 3093 deformiores,
1209 3015 1268 3076 sed
1289 3015 1334 3076 ud
1351 3015 1436 3083 soree
1458 3014 1683 3075 αιόίαιίοηινι.

879 3333 918 3414 9)
938 3334 994 3393 De
1015 3333 1242 3408 permutatis
1262 3345 1431 3410 σος-αις,
1455 3321 1692 3411 ὡς-καλ-ῆ.

711 3544 820 3605 Etiam
851 3565 920 3614 -οος
950 3547 984 3606 et
1015 3564 1075 3615 -οις
1106 3544 1360 3605 terminationes
1389 3543 1599 3619 permutatae
1621 3541 1708 3602 inter
1730 3539 1883 3602 tralaticia

668 3660 748 3719 sunt
777 3657 868 3734 vitia,
902 3659 936 3719 in
966 3656 1155 3719 minuscula
1177 3656 1394 3733 potissimum
1417 3656 1616 3717 litteratura.
1640 3654 1754 3716 Unum
1774 3650 1886 3714 sufficit

669 3772 876 3848 exemplum:

756 3887 839 3949 Aah.
863 3888 939 3950 965.

844 4000 1020 4080 κραδαίνων
1043 4004 1149 4080 τρεῖς
1171 3998 1367 4072 κατασκίοις
1389 3998 1528 4074 λόφοις.

713 4117 766 4178 Sic
800 4117 842 4192 R,
882 4130 943 4177 nec
976 4130 1041 4176 non
1077 4115 1111 4174 in
1146 4115 1183 4174 Vi
1215 4113 1340 4175 saeculi
1375 4128 1500 4188 papyro
1524 4126 1629 4187 nuper
1652 4113 1817 4187 repertum
1835 4107 1883 4163 est

670 4231 863 4306 ....λο’φυις.
895 4231 1086 4306 Requiritul'
1117 4231 1346 4305 accusativus,
1378 4232 1483 4306 τρεῖς
1514 4227 1718 4298 κατασκίους
1747 4224 1882 4300 λόφους·

668 4346 813 4421 gliscens
843 4348 958 4406 autem
989 4345 1246 4421 deprehenditur
1276 4344 1396 4404 vitium
1425 4344 1459 4403 in
1487 4341 1654 4404 codicibus
1677 4339 1882 4416 sequioribus,

669 4462 725 4535 qui
748 4457 854 4538 τρισὶ
877 4460 1073 4532 κατασκίοις
1095 4459 1225 4536 λόφοις
1249 4458 1384 4520 habent.

714 4575 816 4636 Recte
847 4589 925 4636 vero
955 4574 1037 4636 Aah.
1068 4574 1134 4636 627
1166 4575 1202 4633 in
1224 4573 1252 4633 R
1274 4572 1397 4647 iegitur
1419 4575 1501 4642 τοῖς
1525 4567 1743 4642 ἀναπαίστοις
1764 4565 1881 4638 ἐτίομεν

669 4689 701 4750 td
724 4689 812 4762 quod
835 4689 870 4750 in
894 4687 971 4749 aliis
995 4687 1164 4750 codicibus
1186 4689 1239 4749 est
1260 4685 1353 4759 τοὺς
1376 4683 1611 4758 ἀναπαίστοις.

705 4981 725 5050 ¹)
742 4985 851 5046 Negisxi
870 4997 938 5032 nune
956 4983 1054 5031 leviora
1073 4980 1174 5030 eodiois
1190 4981 1268 5038 sitin
1286 4983 1372 5029 insius
1388 4981 1422 5029 de
1440 4981 1490 5029 boo
1507 4981 1565 5029 loeo
1581 4979 1757 5041 disputabitur
1771 4975 1836 5024 inin
