4375 6284
659 941 723 1001 142
1176 956 1218 1002 1111
1240 955 1365 1000 rossan

656 1125 713 1187 bat
738 1141 781 1188 ex
804 1127 907 1189 animi
929 1126 1097 1188 sententia
1119 1125 1367 1188 commendans.
1391 1126 1463 1186 lam
1486 1129 1643 1187 evenerat
1666 1126 1752 1200 quod
1775 1141 1868 1203 spera·

657 1243 765 1317 verat,
801 1273 842 1284 -
878 1243 913 1301 at
946 1239 1043 1302 aliter
1077 1255 1176 1314 quam
1211 1241 1419 1316 speraverat!
1454 1238 1631 1300 Redierant
1665 1238 1794 1316 exules,
1822 1239 1870 1299 sed

656 1353 782 1429 patriae
808 1353 935 1414 nullam
958 1353 1106 1427 quietem
1130 1354 1188 1413 aut
1209 1352 1404 1414 felicitatem
1428 1352 1612 1414 attulerant
1632 1353 1817 1414 redeuntes.
1837 1351 1871 1411 ht

656 1481 779 1542 magno
814 1466 1012 1541 sinceroque
1046 1480 1160 1527 amore
1193 1466 1432 1541 Aristophanes
1465 1466 1608 1542 patriam
1644 1466 1792 1544 amabat,
1824 1466 1872 1526 isti

656 1594 735 1640 voro
757 1578 910 1640 homines
932 1579 1082 1640 nonnisi
1103 1577 1169 1655 ipsl
1191 1594 1228 1640 se
1249 1579 1341 1656 ipsoe
1361 1578 1530 1640 amabant.
1550 1577 1704 1640 civitatis
1723 1581 1871 1654 tempera·

656 1695 770 1756 mento
799 1692 980 1770 pemletem
1010 1693 1167 1754 attulisse
1195 1693 1298 1754 maris
1328 1693 1604 1772 dominationem,
1634 1694 1872 1754 maximorum

656 1808 704 1869 rei
726 1805 875 1885 publicae
897 1806 1097 1868 detrimento
1113 1822 1244 1869 remum
1264 1810 1371 1870 rastro
1391 1811 1426 1870 et
1443 1808 1544 1870 hasta
1561 1807 1724 1884 potiorem
1742 1807 1872 1880 iactum,

656 1937 794 1998 puerum
824 1921 1084 1997 Aristophanem
1119 1921 1301 1983 docuerant
1333 1922 1494 2000 seniores,
1531 1924 1566 1984 et
1598 1921 1706 1984 iuerat
1735 1937 1811 1983 cum
1837 1921 1874 1980 iis
1953 1931 1954 1974 4

655 2051 816 2098 assensis
849 2036 999 2112 ,utinam
1029 2035 1116 2097 mari
1146 2033 1387 2098 abstinuissent
1415 2036 1604 2098 Athenael”
1628 2035 1798 2098 clamaret.
1821 2034 1875 2096 sod

656 2152 685 2210 sl
712 2150 769 2226 qui
791 2150 845 2211 sui
867 2149 1018 2225 ipsorum
1040 2151 1173 2210 tantum
1198 2150 1362 2212 commodi
1384 2150 1498 2212 hahita
1518 2151 1646 2212 ratione
1668 2149 1824 2226 optabant
1844 2151 1876 2208 ut
1953 2219 1954 2224 ἵ

655 2263 825 2325 maritima
847 2264 914 2325 ist-a
935 2262 1143 2324 Athenarum
1162 2265 1311 2338 potestas
1328 2265 1525 2339 quantocius
1544 2264 1707 2341 luteriret,
1728 2263 1875 2338 malignis
1953 2265 1954 2326 l

654 2377 845 2440 istiusmodi
883 2377 972 2438 votis
1005 2375 1262 2451 haudquaquam
1296 2380 1368 2439 erat
1403 2377 1633 2455 adstipulatus.
1667 2379 1740 2440 Imo
1774 2378 1876 2439 Iustus
1953 2411 1954 2422 ,

655 2492 712 2554 ille
742 2490 840 2566 cluis,
872 2504 969 2565 quem
993 2489 1027 2550 in
1051 2489 1320 2552 Acharncnsibus
1342 2490 1454 2552 tabula
1476 2492 1621 2569 induxit,
1645 2494 1767 2553 nautas
1789 2507 1873 2554 voca·
1953 2545 1954 2566 ,

655 2606 714 2666 bat
756 2605 924 2682 ,civitatis
957 2604 1208 2682 sospitatores‘',
1244 2607 1277 2666 et
1308 2605 1436 2681 patriae
1469 2605 1611 2667 salutem
1647 2607 1876 2682 Aristophanes

656 2719 762 2781 multo
792 2716 897 2795 pluris
925 2715 1069 2778 iaciebat
1098 2733 1198 2792 quam
1228 2717 1352 2779 civium
1383 2719 1586 2793 quorundam
1619 2723 1677 2781 aut
1705 2719 1875 2782 111111111-
1953 2725 1954 2796 l

655 2834 865 2894 detrimenta.
895 2831 1104 2892 Athenarum
1134 2831 1234 2893 decus
1263 2846 1362 2894 suum
1391 2833 1496 2909 ipsius
1518 2833 1658 2894 ducebat
1678 2833 1793 2910 decus,
1815 2835 1874 2894 iam
1953 2821 1954 2896 i

655 2963 733 3009 vero
768 2947 883 3008 cedere
918 2949 953 3007 ot
987 2947 1086 3021 caput
1120 2945 1318 3008 submittere
1352 2948 1471 3009 civitas
1505 2946 1687 3012 iubebatur.
1721 2947 1809 3024 Quae
1839 2961 1876 3008 ne
1953 2965 1954 2972 ¹

655 3062 821 3123 incautius
844 3074 1020 3136 progressa
1042 3059 1076 3120 in
1097 3063 1276 3136 praerupta
1291 3061 1450 3123 incideret
1469 3061 1651 3122 cavendum
1672 3075 1746 3123 esee
1763 3061 1874 3122 anxius
1953 3027 1954 3100 Ψ

654 3174 734 3235 olim
768 3176 838 3249 ipse
869 3176 1044 3235 monuerat
1073 3173 1271 3253 identidem,
1302 3191 1378 3238 cum
1408 3176 1475 3239 alla
1508 3192 1552 3239 ex
1585 3177 1661 3238 aliis
1690 3177 1875 3240 serebantur

655 3288 791 3349 consilia
825 3291 860 3349 11
892 3303 1000 3349 novae
1034 3303 1167 3365 semper
1194 3289 1362 3352 inibantur
1392 3291 1636 3368 expeditiones;
1667 3294 1703 3352 at
1731 3291 1873 3352 receden·
1953 3365 1954 3374 ἵ

655 3402 776 3463 dumne
810 3405 882 3463 erat
915 3403 1028 3464 nuno?
1062 3402 1226 3479 Quorsum
1261 3407 1375 3467 autem
1410 3405 1652 3467 recedendum?
1686 3405 1724 3466 In
1757 3403 1872 3466 vetusti
1953 3411 1954 3502 ζ

655 3515 784 3577 11111111
823 3517 984 3593 temporis
1025 3517 1101 3578 illas
1142 3519 1316 3593 angustias
1356 3520 1547 3595 terrestres,
1590 3520 1627 3580 ut
1660 3519 1873 3580 Athenienses
1953 3581 1954 3588 ,

654 3629 860 3705 suspicerent
883 3629 1154 3707 Peloponnesios,
1173 3632 1229 3706 qui
1248 3631 1312 3692 sihi
1333 3633 1560 3708 pepercissent
1581 3631 1718 3695 deiectis
1736 3635 1771 3694 et
1786 3631 1871 3693 liber·
1953 3673 1954 3694 i

653 3744 758 3804 tatem
777 3745 835 3805 aut
853 3743 1018 3805 libertatis
1038 3743 1193 3805 umbram
1214 3746 1466 3807 concessissent.
1486 3745 1723 3808 Lacedaemoni
1740 3746 1870 3824 patriam
1953 3823 1954 3826 Ἴ

655 3857 805 3919 amicitia
827 3858 936 3921 denuo
958 3858 1049 3934 iungi
1072 3861 1172 3934 poeta
1193 3874 1293 3933 quam
1318 3861 1467 3922 maxime
1489 3863 1663 3938 optaverat
1681 3860 1821 3936 iuvenis,
1838 3859 1871 3917 ut

654 3972 781 4034 viribus
809 3972 912 4033 unitis
940 3971 1057 4033 Graeci
1087 3972 1248 4035 obsistere
1271 3976 1407 4050 possent
1433 3975 1522 4037 hosti
1546 3975 1652 4037 avito:
1676 3989 1764 4037 nunc
1784 3973 1869 4034 hace·

653 4085 805 4147 daemoni
828 4084 1012 4146 subiectam
1036 4085 1181 4162 videbat,
1206 4102 1310 4161 neque
1333 4088 1381 4150 illi
1405 4102 1506 4164 quam
1530 4090 1703 4150 amaverat
1725 4083 1868 4150 111111111-

654 4201 747 4260 ratus
769 4200 854 4275 orat,
879 4198 938 4259 sed
961 4198 1171 4273 Lysandreae
1194 4200 1251 4260 isti
1274 4200 1530 4280 Lacedaemoni,
1555 4201 1627 4263 auri
1649 4216 1752 4276 quam
1775 4196 1870 4261 laudis

654 4314 763 4389 magis
786 4312 916 4389 aridae,
941 4313 1058 4389 opibus
1082 4313 1192 4388 magis
1214 4315 1362 4377 affluenti
1385 4331 1485 4390 quam
1509 4316 1599 4378 viris.
1623 4315 1709 4377 Nam
1733 4308 1867 4375 nonnisi

654 4427 749 4502 pauci
780 4426 884 4487 etiam
907 4427 1104 4502 supererant
1128 4430 1266 4504 nepotes
1291 4429 1531 4505 Spartiatarum
1557 4428 1703 4506 illorum,
1727 4427 1783 4504 qui
1803 4425 1867 4486 Leo·

653 4539 749 4602 uidae
772 4539 1022 4614 Pausaniaeque
1045 4543 1179 4614 praesto
1202 4539 1336 4603 fuerant
1351 4538 1382 4614 ¹).

697 4653 740 4714 Et
768 4653 1039 4730 Atheniensium,
1070 4668 1152 4728 quos
1183 4654 1346 4716 Miltiades
1374 4657 1409 4717 in
1436 4658 1611 4719 victoriam
1633 4657 1787 4730 duxerat,
1808 4663 1867 4727 pro·

652 4783 736 4844 pago
766 4768 821 4828 ubi
851 4768 945 4829 erat?
972 4768 1010 4829 ln
1033 4766 1196 4843 sepulcris
1218 4767 1447 4846 potissimum,
1472 4771 1505 4830 in
1529 4771 1656 4848 campis
1680 4763 1866 4846 longinquis,

689 5021 709 5088 ι)
726 5025 791 5072 Xan.
808 5022 877 5073 Hali.
894 5023 935 5072 111
953 5026 976 5072 11.
