4375 6284
1193 967 1235 1012 ult
1256 966 1382 1012 Polffla'

1262 1285 1320 1348 111.

721 1472 901 1536 Alcibiadis
943 1473 1110 1535 accusatio
1145 1471 1319 1533 turbarum
1353 1473 1625 1536 tristissimamm
1660 1475 1724 1536 tuit
1758 1477 1887 1537 initium.

678 1587 738 1664 Qui
768 1589 943 1664 postquam
974 1584 1095 1647 absens
1126 1588 1178 1646 est
1199 1585 1390 1661 damnatus,
1418 1619 1456 1628 -
1481 1601 1545 1648 non
1570 1587 1659 1649 enim
1682 1589 1767 1650 satis
1790 1593 1889 1651 tutum

677 1704 817 1766 duxerat
840 1715 950 1762 coram
975 1699 1137 1760 iudicibus
1156 1713 1193 1759 se
1211 1699 1342 1775 sistere,
1359 1733 1397 1742 --
1412 1699 1512 1761 libere
1531 1716 1589 1776 per
1607 1701 1722 1763 urbem
1742 1702 1891 1765 bacchata

678 1824 730 1879 est
760 1815 934 1876 bominum
966 1816 1174 1874 versutorum
1206 1813 1424 1889 impudentia,
1457 1813 1546 1888 vulgi
1576 1829 1656 1890 erga
1677 1816 1756 1877 deos
1777 1819 1891 1894 pietate

677 1932 817 2007 turpiter
839 1928 1047 1990 abutentium
1070 1927 1110 1987 ad
1135 1927 1342 1988 adversarios
1363 1929 1602 2004 opprimendos.
1626 1929 1710 1992 Nam
1734 1931 1891 2006 sacrilegii

676 2047 813 2109 crimine
844 2059 920 2106 cum
943 2042 1114 2104 Alcibiade
1137 2042 1233 2118 petiti
1256 2045 1335 2104 sunt
1357 2042 1585 2106 adolescentes
1607 2043 1740 2120 plurimi
1763 2059 1808 2106 ex
1829 2044 1891 2106 illu·

675 2159 854 2223 strissimis
894 2156 1061 2234 gentibus,
1105 2171 1244 2230 quarum
1286 2155 1416 2218 soboles
1456 2172 1514 2234 per
1547 2157 1625 2219 belli
1658 2159 1768 2220 varios
1804 2175 1893 2222 casus

676 2275 797 2335 misere
826 2272 899 2334 erat
928 2271 1118 2332 imminuta.
1149 2270 1288 2331 Pietatis
1311 2270 1464 2332 videlicet
1487 2286 1622 2333 summa
1643 2272 1892 2334 Atheniensium

674 2387 738 2449 fuit
760 2386 851 2450 laus:
874 2400 959 2460 quae
980 2384 1087 2460 pietas
1110 2384 1273 2445 malorum
1297 2399 1387 2446 nunc
1406 2385 1630 2446 maximorum
1651 2385 1765 2446 extitit
1785 2401 1893 2460 causa;

674 2516 752 2562 nam
783 2500 871 2560 laete
896 2497 1006 2559 tioruit
1030 2497 1211 2558 calumnia:
1239 2498 1446 2559 ditescebant
1472 2498 1647 2560 delatores.
1671 2499 1712 2559 lit
1734 2499 1896 2562 libertatis

674 2599 901 2676 amantissimi
928 2611 1151 2673 Athenienses
1182 2613 1291 2672 erant:
1324 2613 1405 2672 baec
1433 2626 1563 2686 quoque
1593 2627 1707 2674 eorum
1735 2614 1844 2675 virtum
1865 2613 1894 2672 in

675 2727 801 2788 malum
824 2726 890 2786 iam
914 2725 1030 2800 vertit,
1056 2738 1173 2786 ansam
1197 2725 1284 2786 enim
1308 2724 1458 2802 praebuit
1480 2740 1623 2800 nequam
1646 2725 1838 2788 bominibus
1860 2726 1896 2786 ad

673 2841 826 2903 inimicos
856 2852 936 2899 suos
966 2839 1191 2914 proterendos.
1213 2838 1375 2898 Iuvenum
1399 2838 1618 2914 petulantium
1642 2839 1821 2916 delictum,
1845 2839 1895 2914 qui

672 2958 745 3015 tum
770 2966 847 3014 cum
871 2966 939 3012 nox
963 2952 997 3011 et
1026 2951 1141 3011 vinum
1173 2951 1254 3011 nibil
1278 2950 1478 3013 moderabile
1501 2951 1678 3013 suaderent
1701 2966 1721 3012 a
1744 2953 1897 3014 convivio
1972 3021 1973 3042 ἰ

673 3069 849 3129 redeuntes
871 3065 1061 3127 baculorum
1085 3064 1269 3142 periculum
1293 3064 1441 3126 lecerunt
1463 3066 1496 3124 in
1518 3065 1646 3125 hermis
1669 3063 1829 3142 publicis,
1853 3066 1898 3126 ita
1972 3047 1973 3127 l

671 3182 776 3243 crevit
798 3181 831 3240 in
855 3195 910 3240 ore
932 3177 1123 3240 rabularum
1146 3177 1370 3253 improborum
1390 3180 1428 3238 ut
1446 3177 1596 3253 religioni
1615 3181 1650 3240 et
1660 3176 1810 3240 libertati
1823 3179 1896 3240 insi·

670 3295 742 3356 dias
776 3293 937 3368 quasdam
967 3292 1053 3353 strui
1083 3291 1336 3367 persuaderetur
1365 3291 1464 3367 vulgo
1488 3291 1621 3352 civium.
1650 3291 1796 3354 Facinus
1819 3292 1897 3354 illud

668 3411 706 3471 ut
735 3411 830 3485 turpe
853 3409 902 3468 sic
924 3405 1113 3468 excusabile
1137 3407 1170 3466 in
1194 3405 1415 3480 reipublicae
1438 3407 1634 3468 evadendae
1657 3421 1823 3470 conamen
1847 3405 1895 3467 vel
1971 3425 1972 3431 ¹

669 3521 880 3600 praesagium
905 3553 946 3562 —
970 3519 1159 3594 malignone
1182 3519 1291 3593 magis
1314 3533 1356 3578 au
1380 3517 1544 3580 absurde?
1572 3551 1607 3560 -
1634 3523 1686 3580 est
1713 3523 1897 3582 mutatum.

714 3639 850 3710 Iamque
884 3633 1114 3710 ,sacnlegium
1146 3633 1180 3693 et
1205 3633 1440 3708 tyrannidem”
1463 3635 1576 3694 omnia
1598 3633 1742 3695 Athenis
1767 3649 1897 3697 resona·

668 3753 758 3814 bant.
782 3749 907 3823 Nempe
930 3746 1117 3822 tyrannidis
1139 3745 1382 3807 invisissimum
1406 3745 1487 3807 illud
1511 3762 1632 3808 nomen
1655 3748 1740 3808 satis
1765 3747 1901 3810 valebat

667 3865 708 3924 ad
736 3866 884 3924 mentem
907 3861 1030 3920 civium
1054 3859 1123 3919 ism
1147 3875 1204 3934 per
1227 3874 1334 3920 annos
1358 3859 1546 3935 complures
1568 3861 1602 3920 in
1626 3859 1803 3924 Alcibiade
1824 3861 1901 3923 alte·

666 3992 741 4038 rum
783 3974 996 4034 Pisistratum
1037 3972 1216 4032 veritorum
1252 3973 1386 4048 penitus
1424 3972 1694 4036 conturbandam.
1733 3973 1901 4050 ,Deorum

669 4093 785 4169 ,signa
822 4103 880 4164 per
909 4087 1015 4148 noctis
1048 4085 1220 4146 silentium
1256 4085 1341 4147 clam
1376 4087 1532 4147 mutilata
1565 4085 1704 4148 maioris
1737 4089 1903 4150 audaciae

670 4204 811 4282 ,babere
845 4200 1063 4277 promissum
1100 4198 1305 4260 Alcibiadem
1337 4199 1500 4274 huiusque
1535 4197 1695 4276 asseclas,
1719 4200 1902 4263 hominum

670 4318 901 4394 ,factiosorum
937 4312 1136 4389 flagitiisque
1174 4315 1402 4389 coopertorum
1440 4327 1578 4374 manum
1615 4313 1903 4388 perditissimam,

669 4433 721 4508 ,id
740 4428 849 4490 scelus
868 4426 1086 4501 sustinuisse;
1113 4425 1145 4485 vi
1165 4427 1199 4486 et
1219 4424 1296 4486 telis
1316 4426 1371 4501 qui
1391 4426 1524 4487 hermas
1547 4427 1764 4502 petivissent,
1795 4429 1905 4506 ipsam

668 4559 768 4622 ,mox
791 4540 958 4602 civitatem
983 4539 1161 4614 petituros,
1194 4553 1248 4598 res
1278 4539 1444 4599 humanas
1474 4553 1577 4614 aeque
1607 4553 1646 4599 ac
1669 4538 1810 4602 divinas
1835 4542 1904 4602 vili-

668 4654 943 4734 ,pendentes'’...
963 4653 1047 4712 Nam
1077 4652 1283 4713 multitudini
1307 4653 1480 4728 imperitae
1504 4651 1580 4726 quid
1603 4666 1669 4713 non
1691 4656 1908 4727 persuadent

665 4771 916 4832 concionatores
938 4765 1093 4842 improbi,
1125 4780 1201 4826 cum
1225 4766 1330 4839 ipsius
1352 4766 1532 4827 virtutibus
1555 4766 1737 4828 abutuntur
1764 4770 1813 4830 ad
1839 4785 1906 4831 scc-

664 4887 749 4946 lesta
771 4897 832 4945 sua
854 4881 994 4942 consilia
1016 4879 1218 4955 exequenda.
1240 4879 1383 4956 Quorum
1403 4881 1576 4942 mendacia
1597 4895 1661 4955 quo
1680 4885 1765 4943 sunt
1788 4885 1907 4946 absur-

666 5000 758 5060 diora
780 4998 815 5057 et
836 4994 1092 5069 impudentiora,
1116 5007 1154 5055 so
1177 4993 1307 5054 facilius
1328 4990 1426 5054 fldem
1452 4993 1635 5055 inveniunt.
