4375 6284
658 901 723 962 296
1092 917 1135 962 os
1158 917 1266 963 rnxru
1290 916 1444 963 rsanmo.

655 1104 761 1164 quens
796 1090 848 1150 eet
881 1088 1076 1165 diphthongi
1106 1112 1138 1148 αι
1167 1092 1202 1152 et
1231 1090 1365 1152 litterae
1387 1114 1407 1150 α
1430 1091 1464 1152 in
1487 1092 1677 1154 litteratura
1698 1091 1871 1153 minuscula

656 1203 816 1264 conlusio.
848 1204 972 1279 Aptum
1004 1203 1214 1279 simplexque
1244 1204 1436 1281 exemplum
1469 1208 1564 1266 extat
1593 1206 1680 1267 Plut.
1707 1205 1870 1282 11311111

655 1317 689 1378 in
712 1316 742 1377 V
763 1318 884 1393 legitur
916 1315 947 1376 ri
973 1339 1025 1394 μοι
1047 1317 1209 1395 oppipare
1222 1316 1380 1395 ...δοίης
1408 1319 1574 1381 sinceram
1604 1334 1683 1381 vero
1706 1320 1871 1381 lectionem

655 1429 796 1509 πορίσας
820 1430 956 1507 praebet
978 1432 1016 1494 R.
1041 1432 1154 1507 Neque
1177 1431 1291 1492 minus
1312 1433 1447 1507 apertus
1471 1447 1563 1494 error
1584 1434 1638 1494 est
1655 1433 1787 1494 Thesm.
1803 1431 1871 1505 982,

655 1546 713 1607 tibi
744 1545 855 1623 διπλῆν
878 1545 1037 1625 χαίρειν
1059 1544 1178 1625 χορείας
1201 1560 1259 1621 pro
1282 1545 1371 1623 χάριν
1395 1546 1495 1607 habet
1516 1546 1556 1607 R.
1587 1546 1705 1622 Qualia
1726 1546 1873 1608 lectorem

655 1660 801 1734 nullum,
837 1661 892 1735 qui
922 1662 1056 1736 quidem
1088 1675 1154 1722 non
1184 1660 1282 1736 plane
1313 1659 1416 1721 hebes
1438 1663 1545 1736 esset,
1569 1659 1685 1722 fallere
1706 1663 1878 1737 potueruut
1972 1718 1973 1765 ᾖ

655 1789 811 1850 unquam.
835 1775 951 1836 Paullo
973 1774 1087 1836 minus
1111 1775 1291 1836 innocuum
1312 1776 1365 1834 eat
1382 1774 1503 1835 vitium
1520 1775 1688 1858 χάλαιας)
1707 1791 1767 1852 pro
1785 1777 1876 1850 impe
1972 1784 1973 1855 ξ

652 1889 760 1949 ratiro
778 1888 852 1967 χάλα
867 1889 902 1948 in
922 1888 951 1949 R
971 1889 1133 1964 scriptum
1152 1887 1286 1949 Thesm.
1306 1889 1389 1962 638;
1410 1891 1443 1949 et
1461 1888 1680 1950 fallacissima
1691 1890 1875 1951 sunthaeo:

746 2001 827 2063 Aah.
852 2003 927 2064 282.

879 2121 948 2176 παῖε
972 2120 1061 2176 παῖε
1083 2115 1136 2176 τὸν
1158 2115 1279 2194 μιαρόν.

658 2232 735 2306 Lag.
759 2234 830 2289 παῖε
853 2239 912 2302 πᾶς
936 2230 1078 2305 (Bergk).

746 2345 823 2419 Lys.
849 2345 925 2405 506.

880 2465 969 2519 ταῦτα
992 2454 1047 2533 μὲν
1071 2449 1094 2517 ὦ
1118 2467 1196 2538 γραῦ
1220 2469 1316 2543 σαυτῇ
1339 2459 1517 2537 κρώξαις.

657 2573 734 2649 Leg.
759 2570 916 2650 (ἢκραξας
939 2573 1122 2644 (Mainake).

702 2688 841 2749 Inversa
874 2689 987 2748 autem
1022 2688 1151 2748 ratione
1182 2709 1214 2744 αι
1244 2687 1279 2748 in
1307 2709 1328 2745 α
1359 2687 1441 2748 abiit
1468 2688 1544 2763 Lys.
1578 2690 1674 2764 1105,
1697 2688 1756 2748 ubi
1778 2689 1879 2749 iocum
1972 2726 1973 2753 r

658 2817 735 2863 vere
770 2801 1052 2877 Aristophaneum
1083 2801 1159 2861 leve
1187 2801 1250 2862 hoo
1280 2801 1403 2862 vitium
1426 2801 1481 2862 diu
1504 2801 1702 2863 obscuravit.
1730 2800 1881 2876 ονοιιίααι

661 2922 687 2976 et
710 2916 849 2978 Lacones
871 2919 898 2975 et
920 2915 1121 2976 Athenienses
1142 2916 1211 2976 inm
1232 2917 1399 2992 αστιινινα,
1431 2931 1519 2978 unus
1541 2917 1798 2978 Atheniensium
1821 2918 1879 2988 ait,

660 3033 739 3108 quin
761 3033 954 3093 advocemus
975 3030 1213 3108 Lysieiratam?

877 3144 907 3205 τί
928 3143 965 3206 αὖ
988 3148 1143 3221 καλοῦμεν
1167 3144 1243 3223 δῆτα
1266 3141 1322 3221 τὴν
1345 3143 1574 3224 Δασιστράτηνς

658 3259 717 3322 Cui
741 3261 843 3322 Laco:

879 3369 931 3432 ναί
951 3370 991 3432 τὼ
1015 3367 1069 3432 σιὼ
1092 3375 1205 3431 καλεῖτε
1227 3369 1281 3430 τὸν
1304 3370 1525 3449 Λυσίστρατον.

703 3487 756 3550 Sia
779 3487 900 3549 codicis
918 3488 947 3549 R
966 3488 1096 3561 textus,
1117 3486 1175 3547 sed
1195 3485 1335 3549 meliora
1353 3487 1448 3548 docet
1467 3486 1631 3563 scholion,
1652 3487 1755 3548 nimis
1772 3489 1881 3548 tamen

657 3600 853 3677 abruptum:
881 3601 958 3678 ,κᾶν
981 3606 1048 3678 λῆτε
1068 3597 1128 3660 κᾶν
1146 3601 1312 3680 βούλησθε.
1333 3601 1486 3679 διαβάλλει
1502 3601 1602 3662 τινά”.
1620 3602 1749 3664 Recens
1765 3615 1881 3663 manus

657 3715 739 3776 illud
767 3711 843 3792 ,κᾶν
866 3717 955 3793 ipa?
979 3716 1014 3775 in
1037 3717 1172 3776 textum
1197 3715 1342 3791 invexit,
1364 3716 1498 3777 Ahrens
1520 3719 1635 3778 autem
1657 3716 1798 3792 perfecit
1818 3726 1879 3776 eor·
1972 3780 1973 3785 ρ

658 3829 860 3892 rectionem:

879 3941 930 4003 ναί
953 3944 993 4005 τὼ
1016 3942 1071 4004 σιὼ
1094 3943 1161 4004 καί
1183 3948 1273 4021 λῆτε
1295 3943 1348 4006 τὸν
1372 3944 1591 4023 Λυσίστρατον.

661 4057 742 4133 Quin
765 4061 859 4121 etiam
881 4059 1093 4137 Lyustrotum
1116 4061 1267 4122 ασαοαασία
1284 4077 1345 4137 per
1362 4077 1414 4121 me
1431 4050 1518 4122 teet!
1537 4061 1650 4139 Quivis
1668 4063 1781 4140 homo,
1793 4061 1880 4122 cuins

614 4225 617 4230 .
657 4187 778 4235 nomen
812 4174 898 4235 λύσιν
933 4182 986 4252 τῆς
1016 4184 1157 4252 στρατιᾶς
1187 4173 1238 4235 καί
1267 4183 1322 4236 τοῦ
1352 4173 1485 4253 πολέμου
1515 4177 1706 4254 promittat,
1730 4179 1880 4252 aceeptus

657 4290 753 4351 nobis
786 4291 862 4366 erit,
899 4293 1002 4352 etiam
1037 4292 1246 4365 Lysistratus
1281 4292 1339 4355 ille
1373 4290 1390 4353 1
1424 4291 1610 4370 σκωπτόλης,
1638 4289 1673 4352 τὸ
1701 4287 1878 4370 Χαλαρρέιι

658 4400 775 4476 ὄνειδος
798 4402 904 4464 ἐκεῖνα.

702 4519 740 4579 In
775 4520 885 4582 eodioe
913 4518 940 4577 V
971 4519 1092 4581 similis
1127 4537 1217 4583 error
1251 4524 1303 4583 est
1337 4522 1395 4597 sq.
1421 4523 1497 4583 211.
1533 4523 1602 4599 Quo
1635 4523 1708 4585 loeo
1736 4522 1766 4583 R
1793 4521 1877 4582 reate

658 4634 775 4695 habet:

879 4747 915 4809 τὰ
938 4745 994 4827 μὲν
1017 4749 1104 4830 λόγια
1124 4751 1307 4811 αίιιάλλει
1331 4773 1381 4829 με,

655 4862 684 4922 V
708 4879 802 4926 vero:
822 4860 858 4923 τὰ
877 4859 931 4941 μὲν
951 4861 1037 4942 λόγια
1052 4857 1207 4924 'satiri
1221 4887 1267 4944 με,
1288 4866 1415 4927 stultus
1433 4869 1548 4928 autem
1566 4866 1667 4927 homo
1686 4862 1875 4927 indeeiiecit

655 4977 688 5039 id
708 4979 794 5052 quod
813 4978 847 5038 in
867 4978 1002 5040 scholiis
1023 4981 1183 5053 tanquam
1202 4980 1318 5055 ¹‚lentio
1330 4980 1458 5041 altera”
1470 4971 1875 5052 commemoraturus&
