4375 6284
647 917 689 978 96
1164 932 1205 976 ur
1227 931 1352 977 eonnan

645 1104 893 1182 aspernabatur,
920 1119 985 1166 non
1011 1105 1124 1164 tamen
1149 1102 1275 1164 habens
1296 1118 1380 1178 quae
1403 1118 1491 1164 nova
1513 1104 1739 1167 substitueret.
1763 1106 1858 1167 ‘tradi

644 1222 755 1281 tarum
779 1234 889 1280 rerum
909 1219 1098 1279 contemtor
1120 1232 1181 1278 nec
1199 1216 1303 1278 ullam
1322 1217 1418 1278 facile
1437 1219 1673 1279 auctoritatem
1693 1221 1859 1296 reveritus,
1958 1279 1959 1284 ,

646 1348 752 1395 novas
785 1334 965 1396 identidem
1000 1333 1072 1394 vias
1108 1331 1259 1407 aperiens
1288 1347 1350 1393 nec
1378 1346 1517 1407 usquam
1548 1334 1715 1409 reperiens
1745 1337 1778 1396 in
1807 1351 1860 1410 quo

647 1448 883 1524 acquiesceret,
906 1462 965 1521 per
986 1447 1205 1508 dubitationis
1228 1461 1320 1507 mare
1344 1447 1547 1508 immensum
1572 1462 1678 1522 vagus
1702 1447 1860 1522 oberrans,

646 1577 753 1636 neque
776 1561 850 1623 duci
873 1560 933 1622 ulli
956 1558 1101 1620 confisus
1123 1573 1228 1633 noque
1247 1559 1310 1620 sibi
1330 1563 1501 1636 constans,
1521 1576 1632 1622 rerum
1651 1562 1861 1624 humanarum

646 1677 852 1737 contemtum
870 1678 904 1736 et
924 1674 1072 1735 taedium
1090 1688 1147 1749 per
1167 1673 1270 1734 vitam
1292 1673 1495 1735 circumtulit
1515 1689 1681 1736 moresne.
1704 1676 1862 1738 lisanctis

646 1791 758 1851 autem
788 1789 989 1850 Graecorum
1019 1786 1149 1862 mythis
1175 1801 1274 1861 quam
1306 1786 1447 1848 ducebat
1471 1788 1660 1850 dramatum
1683 1793 1863 1864 materiem,

645 1905 709 1980 ipsi
739 1919 778 1965 ea
808 1919 874 1964 non
905 1905 976 1964 erat
1005 1904 1136 1978 sancta,
1165 1907 1202 1962 ut
1227 1902 1336 1963 iuerat
1359 1903 1525 1978 Aeschylo
1548 1903 1719 1980 splendide
1743 1905 1863 1966 credulo

647 2018 699 2079 vel
731 2016 882 2093 Sophocli
911 2015 1048 2078 candide
1077 2015 1145 2091 pio,
1178 2030 1238 2076 neo
1268 2017 1382 2076 tamen
1407 2015 1534 2076 viribus
1552 2019 1685 2078 tantum
1711 2019 1814 2079 valuit
1834 2019 1863 2079 ut

646 2131 776 2193 abiecta
797 2130 928 2191 sarcina
950 2127 1094 2191 molesta
1116 2143 1214 2188 suum
1236 2130 1301 2189 iter
1323 2129 1421 2189 iniret
1443 2129 1626 2205 expeditus.

691 2246 804 2307 Prisca
833 2247 946 2307 autom
976 2259 1087 2305 rernm
1119 2242 1281 2304 memoria
1311 2257 1387 2303 cum
1415 2243 1541 2304 saeculi
1565 2244 1712 2306 cultioris
1734 2245 1865 2306 notioni·

646 2360 708 2422 bus
737 2363 772 2421 et
801 2359 949 2420 moribus
982 2357 1104 2420 collata
1137 2372 1296 2432 quorsum
1331 2357 1499 2436 evaderet,
1530 2359 1653 2419 dudum
1684 2360 1864 2421 ostenderat

646 2472 804 2548 Aeschyli
826 2487 908 2548 opus
930 2471 1098 2532 ultimum.
1122 2469 1240 2546 Apollo
1263 2472 1406 2531 matrem
1430 2485 1450 2530 a
1472 2467 1540 2531 filio
1563 2472 1674 2532 necari
1698 2471 1863 2546 aliquando

646 2588 784 2648 iussisse
805 2584 973 2646 terebatur
997 2588 1030 2645 et
1053 2599 1168 2644 veram
1192 2583 1285 2644 illam
1309 2598 1383 2644 csse
1405 2582 1531 2644 tamam
1555 2584 1721 2660 Aeschylo
1744 2589 1862 2647 consta·

646 2699 720 2774 bat3
753 2702 787 2760 at
811 2699 844 2760 id
867 2698 1048 2775 quoquest
1072 2697 1260 2773 constabat,
1285 2697 1470 2772 improbum
1495 2699 1624 2759 lacinus
1647 2714 1667 2760 a
1689 2700 1750 2761 deo
1772 2701 1864 2777 impe·

646 2815 714 2874 rari
743 2828 809 2874 non
833 2814 998 2889 potuisse:
1029 2813 1141 2886 itaque
1164 2812 1281 2888 Apollo
1301 2811 1507 2886 Aeschyleus
1530 2811 1805 2888 Clytaemestram
1828 2814 1864 2872 ab

646 2929 762 2990 Oreste
792 2929 863 2989 iure
893 2943 1026 2989 caesam
1056 2927 1310 3002 demonstravit,
1326 2971 1333 2987 .
1348 2971 1377 2987 ..
1401 2927 1458 2988 sed
1489 2942 1528 2988 ea
1557 2943 1639 2989 usus
1660 2932 1863 3004 argumenta·

646 3045 749 3118 tione,
781 3058 865 3117 quae
895 3042 1057 3103 maiorem
1084 3041 1187 3102 etiam
1210 3041 1472 3115 indignationem
1495 3041 1591 3102 nobis
1614 3045 1750 3103 moveat
1771 3057 1863 3117 quam

645 3157 755 3233 ipsum
780 3156 859 3217 illud
883 3155 1123 3231 matricidinm,
1147 3154 1321 3215 simillima
1343 3155 1502 3215 nimirum
1526 3155 1569 3230 ei,
1595 3169 1695 3230 quarn
1715 3170 1816 3216 senex
1833 3155 1863 3214 in

646 3270 794 3332 Nubibus
813 3271 931 3332 comici
949 3267 1063 3330 tabula
1081 3269 1173 3330 ultus
1192 3270 1245 3329 est
1263 3268 1459 3329 Meditaculo
1479 3269 1705 3344 sophistarum
1726 3269 1863 3330 incenso.

647 3384 833 3459 Aeschylus
855 3385 944 3444 enim
967 3383 1210 3458 quaestionem,
1235 3396 1319 3456 quae
1341 3384 1392 3442 est
1416 3381 1456 3443 de
1479 3382 1643 3443 matribus
1662 3397 1681 3442 a
1700 3383 1791 3459 prole
1808 3397 1865 3442 sua

646 3498 700 3575 pie
722 3501 756 3560 et
778 3498 992 3559 sanctissime
1015 3496 1174 3572 colendis,
1199 3511 1217 3557 e
1240 3496 1385 3557 dominio
1408 3495 1586 3558 affectuum
1614 3497 1702 3558 cordi
1726 3499 1864 3558 humano

647 3627 723 3672 cum
758 3612 830 3688 ipsa
864 3611 935 3671 vita
967 3612 1002 3671 et
1035 3609 1196 3684 sanguine
1231 3609 1454 3683 ingenitorum
1489 3609 1662 3670 transtulit
1694 3611 1728 3670 in
1761 3609 1862 3670 iorum

646 3727 810 3804 iudiciale,
837 3725 893 3787 ubi
916 3725 997 3786 haec
1019 3724 1101 3785 vicit
1123 3725 1307 3786 sententia:

848 3856 934 3917 ,non
958 3842 1011 3902 est
1032 3839 1212 3901 scelestum
1236 3838 1388 3914 quicquid
1412 3839 1575 3914 imperant
1597 3840 1682 3917 dei”,

646 3957 703 4018 sod
728 3971 801 4018 esse
824 3956 955 4017 videtur
976 3957 1110 4015 tantum
1132 3953 1326 4015 mortalium
1350 3952 1456 4013 menti
1478 3951 1673 4015 imbecillae.

691 4070 797 4147 Quam
821 4072 972 4131 vetustae
995 4068 1106 4130 caedis
1128 4067 1354 4128 defensionem
1377 4067 1529 4127 maxima
1551 4081 1627 4127 cum
1644 4067 1863 4144 indignatione
1958 4139 1959 4148 ἵ

646 4183 759 4244 reiecit
780 4182 964 4258 Euripides,
987 4180 1120 4257 perinde
1144 4182 1241 4256 atque
1260 4181 1414 4242 Socrates
1432 4181 1725 4255 persuasissimum
1746 4181 1862 4242 babone
1958 4161 1959 4178 ¹

646 4312 747 4373 penes
765 4299 854 4372 ipsos
873 4295 1025 4356 homines
1043 4309 1117 4356 esse
1136 4293 1213 4354 boni
1232 4293 1378 4368 malique
1397 4292 1544 4368 arbitria,
1566 4293 1648 4369 lpsis
1663 4295 1696 4354 vi
1711 4293 1862 4356 divinitus

647 4411 747 4471 insita
767 4406 1009 4470 decernendum
1032 4407 1110 4482 quid
1134 4406 1245 4482 liceat,
1271 4405 1348 4481 quid
1371 4421 1447 4468 non.

849 4520 1002 4596 ,siquid
1027 4518 1161 4580 scelesti
1184 4520 1216 4579 di
1239 4518 1368 4595 iubent,
1393 4533 1459 4580 non
1482 4523 1562 4580 sunt
1584 4520 1658 4581 dei’'

647 4634 813 4697 exclamat
843 4634 965 4709 impiae
995 4633 1128 4709 pietatis
1157 4632 1434 4708 generosissimus
1463 4632 1517 4693 hio
1548 4635 1762 4711 contemptor,
1785 4645 1861 4708 quae

646 4749 721 4810 aevi
752 4748 875 4808 vetusti
909 4748 1073 4808 memoria
1103 4746 1230 4807 ferebat
1258 4748 1409 4822 negando
1440 4747 1521 4808 artis
1551 4762 1632 4809 suae
1654 4747 1862 4810 fundamenta

646 4861 861 4923 labetactans.

691 4974 758 5035 Nec
780 4975 893 5034 minus
915 4973 1078 5036 molestae
1100 4989 1198 5050 quam
1223 4975 1382 5037 materies
1405 4975 1436 5036 ei
1458 4978 1553 5037 erant
1574 4975 1761 5050 tragoediae
1778 4974 1862 5046 legas
