4375 6284
741 990 783 1034 llll
805 988 913 1034 TEXTU
935 989 1087 1036 aliamne.

833 1161 881 1222 κεί
902 1158 958 1239 μὲν
982 1161 1013 1222 οἱ
1034 1160 1267 1224 Λακωνικοί

478 1274 697 1356 ὑπερβάλοιντο
720 1275 839 1357 μικράν,
861 1275 964 1356 ἔλεγον
987 1272 1026 1336 ἂν
1049 1276 1131 1337 ταιλί·

478 1387 549 1468 „val
571 1387 612 1452 τὸ
636 1390 702 1468 σιά,
723 1398 783 1450 νῦν
799 1384 957 1451 Ὡττικίων
980 1390 1075 1451 δωσεῖ
1093 1389 1227 1451 δίκανίίί
1243 1387 1264 1463 1)

368 1506 433 1568 215
481 1504 509 1566 εί
527 1499 555 1565 (λ’
581 1495 622 1566 αὑ
645 1526 673 1564 τι
695 1498 875 1584 ιτράξαινί
900 1502 1021 1584 ἀγαθὸν
1044 1502 1314 1565 Ἀττικωνικολ

480 1615 531 1678 καί
558 1617 680 1678 ἔλθοιεν
704 1617 733 1679 οί
756 1617 902 1690 Λάκωνες
926 1616 1049 1697 εἰρήνης
1072 1615 1157 1697 ιτίρι,

479 1726 579 1813 ἐλέγετ’
604 1728 642 1792 ἂν
664 1729 750 1809 ὑμεῖς
773 1730 878 1803 εὐθύς·
902 1729 1168 1810 ,,ἔξαιτοιτάμεθοι“
1191 1729 1248 1792 κτὲ.

347 1848 433 1909 Leve
468 1847 618 1908 codicum
652 1847 773 1908 vitium
810 1841 963 1924 πράξαντ’
999 1862 1059 1923 pro
1093 1841 1228 1927 πράξαιτ’
1266 1847 1300 1907 in
1334 1861 1434 1908 versu
1464 1847 1529 1908 215

310 1961 444 2022 correxit
487 1961 624 2036 Bolskan
666 1961 723 2022 sed
766 1963 938 2036 praeterea
971 1960 1091 2022 doletis
1127 1961 1248 2022 litteris
1276 1982 1363 2038 ωνι,
1393 1976 1478 2035 qnae
1509 1976 1527 2021 e

310 2090 419 2136 versus
442 2075 508 2136 212
532 2075 625 2137 exitu
647 2077 728 2136 aunt
750 2075 924 2151 repetitae,
947 2073 998 2135 sio
1020 2073 1200 2136 scribatur:

480 2187 508 2249 εί
529 2182 558 2248 δ’
584 2179 623 2249 αὖ
646 2210 674 2248 τι
697 2181 833 2268 πράξαιτ’
859 2185 982 2268 ἀγαθὸν
1009 2185 1195 2266 (ὑμεῖς)
1222 2185 1394 2247 Ἀττικοί.

348 2303 462 2366 Simile
493 2303 569 2378 quid
599 2318 778 2380 perpessus
801 2306 853 2364 est
876 2303 972 2364 Pacis
996 2316 1113 2364 versus
1139 2303 1235 2364 1154.
1260 2302 1298 2362 In
1321 2303 1417 2362 suavi
1441 2302 1533 2363 chori

309 2398 445 2481 cantico
467 2416 606 2494 fingitur
641 2417 742 2479 herus
770 2417 898 2479 famulo
928 2417 1022 2477 iussa
1052 2416 1153 2477 dane:
1185 2419 1321 2491 ρνοίιιον
1348 2419 1423 2477 sunt
1445 2416 1532 2477 domi

216 2575 217 2578 η
308 2535 419 2616 λαγῷα,
442 2532 509 2594 eit:

481 2636 525 2706 ὧν
547 2639 653 2726 ἔνεγκ’,
677 2635 701 2704 ὦ
725 2648 795 2722 καί,
815 2638 873 2724 τρί’
901 2640 986 2723 ἡμῖν,
1000 2643 1037 2704 ἓν
1060 2640 1094 2704 δὲ
1117 2644 1228 2705 δοῦναι
1251 2655 1290 2729 τῷ
1314 2645 1419 2725 πατρί·

481 2758 628 2839 μυρρίνας
651 2752 672 2818 τ’
698 2757 825 2836 αἴτησον
848 2755 862 2818 ί
870 2759 885 2830 ξ
909 2757 1157 2836 Αίσχινάὺον
1179 2767 1239 2818 τῶν
1261 2759 1433 2838 καρπίμων,

480 2870 532 2933 καί
554 2871 615 2950 άμα
637 2880 690 2950 τῆς
713 2871 807 2949 αὐτῆς
831 2868 905 2933 ὑὺοῦ
930 2871 1111 2951 Χαρινάδην
1135 2894 1178 2944 τις
1201 2873 1327 2952 βωσάτω
1349 2870 1406 2933 κτὲ.

308 2987 397 3050 Unde
428 3002 549 3049 nomen
574 2986 761 3064 Αἰσχινάδου
785 2986 931 3048 alienum
954 3001 1027 3048 esse
1050 2988 1220 3048 testantur
1241 2988 1382 3049 numeri.
1405 2988 1531 3063 Nempe

307 3102 435 3165 litterae
464 3101 510 3161 αδ
541 3117 559 3163 e
583 3116 679 3162 versu
702 3101 856 3177 proximo
880 3101 1054 3177 irrepsisse
1078 3100 1243 3177 ridentur,
1266 3101 1340 3162 dein
1363 3101 1530 3177 pepulisse

307 3216 597 3293 praepositionem,
621 3216 770 3276 oomieus
793 3216 906 3275 autem
929 3215 1123 3290 scripsisse:

480 3327 630 3408 μυρρίνας
648 3322 669 3387 τ’
692 3327 816 3406 αίτησον
830 3327 865 3400 ἓξ
888 3321 1002 3408 (παρ’
1017 3339 1043 3392 >
1066 3326 1262 3407 Αίσχίνου
1281 3336 1341 3388 τῶν
1360 3327 1530 3405 καρπίμων.

589 3582 628 3663 4)
649 3583 705 3643 De
726 3583 952 3658 permutatis
973 3583 1079 3643 sonis
1099 3595 1138 3643 αι
1158 3586 1198 3644 et
1218 3597 1248 3644 a.

347 3794 448 3857 Plane
478 3794 627 3869 vulgaris
657 3794 712 3856 hio
742 3797 795 3856 est
817 3810 909 3857 error
931 3810 994 3857 neo
1016 3795 1136 3870 dignus
1159 3795 1214 3870 qui
1237 3795 1270 3854 in
1295 3794 1385 3857 notis
1408 3795 1533 3856 criticis

308 3911 595 3971 commemoretur.
637 3907 748 3970 Unum
792 3911 827 3970 et
869 3909 1013 3970 alterum
1055 3911 1170 3970 tamen
1213 3909 1268 3971 hio
1301 3909 1446 3969 dandum
1482 3912 1534 3969 est

308 4025 509 4100 exemplum.

393 4139 476 4201 Aah.
501 4139 578 4202 263.

725 4260 823 4334 φαλῆς
845 4242 951 4336 ἕταίρε
972 4255 1124 4335 βακχείου.

308 4367 357 4432 Sic
381 4373 418 4434 R.
443 4372 567 4433 Verum
593 4374 647 4432 est
669 4368 800 4448 ἔναιρε
824 4369 995 4449 Βακχίου.

348 4485 456 4548 Minus
475 4488 628 4562 apertum
648 4487 700 4546 est
719 4485 838 4546 vilium
859 4485 1053 4561 metricum,
1070 4486 1200 4546 eertum
1211 4486 1339 4560 tamen,
1353 4483 1434 4545 th.
1448 4483 1531 4543 912:

638 4609 741 4661 ταῦτα.
765 4635 808 4644 -
832 4600 861 4660 τί
882 4598 934 4661 δαί
956 4597 1052 4660 κακὸν
1075 4599 1199 4660 παθόν.

307 4711 368 4774 Ubi
391 4715 534 4792 Bentley
556 4730 616 4792 pro
639 4712 691 4775 δαί
714 4715 863 4778 restituit
887 4709 920 4774 tl
934 4708 967 4784 ²).

309 4874 527 4888 ———

339 4971 358 5031 ιλ
374 4975 477 5025 Derieis
495 4976 587 5025 formis
603 4975 744 5024 verborum
760 4975 787 5022 ln
804 4973 880 5022 eodd.
897 4971 1041 5020 substituta
1058 4972 1135 5019 sante
1153 4972 1262 5018 ἀνταίαν
1278 4970 1347 5016 teon
1364 4969 1440 5028 σικηι.

337 5053 359 5112 ²)
376 5056 417 5104 Gi.
434 5069 513 5118 snpra
531 5069 591 5116 pag.
610 5055 669 5113 aot,
687 5055 710 5102 λ.
