4375 6284
647 908 666 966 2
1163 925 1205 971 ns
1227 925 1353 973 rueras

644 1100 797 1161 Graecia:
829 1100 933 1175 fugati
964 1103 1058 1163 erant
1090 1102 1183 1163 biedi.
1215 1102 1408 1164 Miraculum
1439 1103 1470 1163 id
1502 1106 1537 1163 et
1566 1101 1649 1177 ipsis
1675 1102 1867 1177 aequalibus

646 1219 680 1279 et
711 1216 828 1276 horum
856 1215 938 1290 proli
961 1214 1144 1289 ridebatur,
1169 1218 1316 1291 gentem,
1339 1230 1438 1291 quam
1461 1216 1551 1276 intra
1573 1213 1762 1276 artissimos
1783 1214 1868 1278 tines
1977 1302 1981 1312 ἢ

645 1333 766 1391 natura
780 1328 995 1405 cohibuisset,
1015 1343 1122 1402 neque
1134 1329 1252 1404 opibus
1262 1343 1367 1404 neque
1386 1343 1524 1390 numero
1541 1328 1666 1389 civium
1686 1328 1866 1406 insignem,

646 1458 723 1506 cum
753 1442 872 1519 populo
909 1443 1033 1517 ingenti
1067 1443 1101 1503 et
1130 1440 1364 1518 potentissimo
1395 1475 1435 1486 -
1467 1441 1571 1502 immo
1605 1456 1681 1502 cum
1715 1442 1868 1518 plurimis

646 1557 774 1634 populls
794 1557 851 1618 uni
870 1557 940 1632 regi
958 1557 1181 1619 servientibus
1202 1589 1242 1600 -
1260 1559 1293 1616 et
1312 1569 1459 1631 pugnare
1477 1554 1625 1631 potuisse
1643 1557 1678 1616 et
1697 1555 1865 1616 victricem
1979 1609 1980 1614 ,

645 1688 663 1732 6
682 1687 792 1748 pugna
815 1671 963 1733 evadere.
988 1669 1164 1731 Herculem
1187 1669 1349 1731 Graecum
1373 1669 1479 1744 hydra
1497 1668 1674 1744 multiceps
1693 1670 1867 1744 complecti

644 1785 771 1846 trustra
786 1787 858 1846 erat
874 1785 1004 1858 conam
1024 1783 1148 1844 Graeca
1165 1783 1304 1843 numina
1320 1784 1444 1843 terram
1462 1797 1559 1843 suam
1577 1797 1642 1842 non
1654 1782 1866 1858 prodiderant

646 1900 863 1976 praedonibus
882 1897 1033 1960 Asianis:
1052 1899 1126 1973 ipsa
1143 1896 1254 1957 Pallas
1272 1897 1306 1956 in
1326 1912 1382 1957 eos
1398 1898 1530 1958 hastam
1542 1897 1679 1958 librarat
1691 1897 1863 1971 invictam,

646 2016 715 2077 Pan
738 2013 906 2075 dementia
927 2027 985 2073 eos
1007 2011 1204 2087 perculerat,
1229 2011 1385 2072 Echetlus
1414 2013 1523 2071 rotato
1546 2026 1681 2071 vomere
1702 2012 1867 2071 straverat

646 2131 734 2191 acies
763 2128 937 2188 irruentes.
971 2125 1068 2186 'Pales
1105 2140 1162 2186 eos
1195 2125 1415 2208 ostendebant
1448 2125 1625 2199 imagines,
1660 2138 1744 2198 quas
1776 2124 1867 2198 pingi

645 2243 812 2304 iusserant
842 2240 932 2302 cives
961 2243 1094 2315 gratum
1124 2240 1275 2299 animum
1304 2236 1547 2313 significantes,
1574 2239 1607 2298 ln
1638 2237 1717 2298 Stoa
1741 2237 1869 2298 Poecile

644 2355 910 2431 adspiciebantur
940 2353 992 2415 del
1024 2356 1056 2414 et
1088 2353 1204 2413 heroes
1225 2354 1321 2412 iuxta
1342 2353 1466 2413 civium
1491 2352 1745 2412 Atheniensium
1768 2351 1870 2412 duces

643 2484 701 2546 pro
720 2469 830 2545 patria
848 2469 1036 2544 pugnantes
1053 2462 1089 2543 ¹),
1114 2469 1148 2528 et
1166 2467 1199 2526 in
1219 2466 1298 2528 iano
1318 2465 1475 2542 Delphico
1495 2481 1578 2542 opus
1597 2467 1733 2528 Phidiae
1756 2467 1870 2527 Miner·

644 2598 722 2644 vam
742 2585 777 2644 et
796 2582 981 2659 Apollinem
1002 2581 1197 2642 ostendebat
1213 2580 1421 2656 gratulantes
1437 2581 1576 2642 Miltiadi
1588 2582 1706 2643 victori
1724 2580 1871 2642 adstanti

645 2697 730 2758 inter
760 2697 891 2758 Atticos
921 2697 1037 2757 heroes
1067 2695 1258 2771 priscosque
1288 2709 1383 2770 reges
1401 2687 1433 2764 ²).
1464 2695 1536 2755 Non
1565 2695 1739 2756 bominum
1763 2693 1868 2755 fuerat

644 2810 767 2872 bellum
785 2809 882 2885 illud,
903 2825 946 2870 ex
964 2824 1028 2883 quo
1046 2809 1190 2870 meteres
1208 2810 1385 2870 evaserant
1403 2807 1560 2870 Miltiadis
1572 2807 1869 2880 'themistocliaque

644 2924 812 3000 aequales,
831 2924 890 2985 sed
909 2938 989 2984 vera
1006 2923 1277 2998 gigantomachia
1294 2923 1457 2998 dignaque
1476 2937 1560 2997 quae
1578 2936 1641 2983 acu
1659 2923 1866 2997 pictaoeten-

643 3037 776 3098 deretur
805 3037 840 3097 in
862 3035 1007 3111 Virginis
1038 3035 1254 3096 Atheniensis
1283 3034 1382 3111 pallio
1398 3030 1436 3112 ⁸),
1467 3035 1568 3111 digna
1591 3035 1684 3096 cuius
1706 3034 1866 3097 memoria

641 3151 676 3210 in
705 3150 836 3211 theatro
867 3149 962 3210 lestis
992 3148 1107 3210 diebus
1137 3149 1266 3225 publice
1295 3148 1526 3226 celebraretur,
1558 3150 1672 3226 utpote
1694 3151 1862 3211 vetustum
1978 3114 1980 3201 f

641 3263 722 3324 illud
741 3262 864 3324 bellum
889 3261 1083 3324 Thebanum
1107 3261 1159 3324 vel
1183 3262 1361 3324 'i'roianum
1389 3263 1553 3337 gravitate
1574 3262 1672 3339 longe
1694 3276 1865 3338 superans.
1976 3320 1977 3329 ,

641 3377 822 3437 innumera
845 3377 979 3452 agmina
1001 3375 1147 3436 militum
1170 3376 1382 3438 orientalium
1406 3391 1426 3437 a
1447 3377 1511 3438 diis
1534 3376 1697 3454 Olympiis
1715 3379 1749 3438 in
1768 3377 1864 3439 Grae·

641 3491 727 3552 ciam
751 3492 847 3553 erant
868 3489 1010 3551 deducta
1032 3492 1071 3551 ut
1092 3492 1222 3566 strages
1245 3506 1358 3552 eorum
1381 3491 1427 3552 lbi
1449 3489 1557 3568 lieret,
1581 3494 1620 3553 ut
1635 3492 1744 3554 solum
1764 3492 1867 3553 nimis
1972 3494 1974 3583 J

639 3607 739 3666 tenue
769 3605 930 3680 sauguine
952 3621 1065 3668 eorum
1089 3606 1333 3682 pinguesceret,
1358 3609 1395 3666 ut
1417 3606 1590 3668 ruderibus
1612 3607 1870 3683 corporibusque
1971 3620 1972 3647 l

640 3721 891 3781 consererentur
921 3720 1071 3796 Sepiadis
1102 3719 1311 3794 coliadisque
1341 3719 1467 3782 littora.
1495 3719 1715 3783 Barbarorum
1745 3721 1870 3782 fluctus
1969 3748 1970 3775 1

639 3835 832 3894 aestuantes
873 3848 949 3895 cum
983 3834 1192 3896 Athenarum
1226 3835 1358 3894 moenia
1392 3834 1501 3910 lignea
1536 3833 1794 3911 percussissent,
1831 3837 1869 3897 in
1967 3809 1969 3901 ,¹

638 3960 792 4021 spumam
817 3947 993 4007 innocuam
1017 3945 1135 4022 dilapsi
1154 3950 1369 4009 evanuerant.
1391 3949 1491 4010 Asiae
1513 3947 1569 4009 1116
1589 3948 1758 4026 dominus,
1777 3949 1872 4012 intra
1966 3936 1967 3966 ¹

636 4058 793 4120 immensi
822 4059 952 4135 imperii
986 4058 1069 4121 flues
1096 4060 1189 4122 solus
1222 4060 1304 4122 liber
1337 4062 1504 4135 metisque
1539 4063 1646 4123 servis
1679 4063 1870 4144 imperans,

637 4173 692 4247 qui
723 4173 812 4234 sicco
842 4173 924 4249 pede
953 4176 1183 4248 transgressus
1214 4178 1287 4236 erat
1315 4176 1423 4236 maria
1454 4177 1488 4236 et
1516 4190 1574 4250 per
1596 4176 1762 4237 montium
1785 4176 1872 4254 iuga

637 4285 780 4346 classem
803 4286 1050 4364 transmiserat,
1075 4302 1152 4349 cum
1176 4288 1299 4349 solium
1323 4303 1460 4350 aureum
1484 4289 1518 4348 in
1538 4287 1651 4351 littore
1670 4289 1876 4354 collocasset

638 4401 763 4476 Attico,
787 4414 829 4461 ex
852 4401 931 4462 sede
953 4401 1099 4476 gemmis
1122 4416 1260 4463 corusca
1282 4404 1491 4478 spectaverat
1510 4416 1614 4462 naves
1634 4417 1713 4464 suae
1732 4417 1873 4468 mersas

637 4516 672 4574 et
689 4513 816 4575 milites
835 4514 868 4574 in
883 4513 1037 4575 ductibus
1056 4516 1192 4576 necatos
1210 4529 1269 4576 oeu
1289 4515 1435 4592 thynnos
1453 4516 1581 4578 retibus
1603 4517 1872 4584 circumventos,

670 4829 690 4892 ¹)
707 4833 819 4882 Pansan.
836 4833 850 4882 1
869 4834 899 4882 1⁵
918 4835 945 4882 et
962 4833 1003 4890 81,
1020 4833 1041 4882 V
1059 4835 1100 4881 11.

668 4909 690 4972 ¹)
708 4913 810 4961 Pansan
827 4913 849 4960 x
867 4915 906 4961 io.

669 4989 688 5050 ¹)
705 4993 747 5041 Ar.
764 4993 812 5054 Rq.
830 4992 887 5040 1188.

1963 4040 1965 4095 l

1962 4104 1964 4157 l
