4375 6284
665 941 707 1001 66
1180 955 1222 999 ur
1244 953 1369 1000 eoem

663 1129 748 1190 sime
779 1144 859 1190 mox
886 1128 933 1188 ibi
963 1143 1033 1189 rem
1065 1128 1180 1203 gessit.
1212 1127 1275 1189 Sed
1307 1126 1495 1202 Hyperbolo
1526 1127 1580 1188 vel
1602 1127 1771 1190 Alcibiade
1792 1129 1873 1190 imile
1977 1164 1978 1173 .

664 1243 869 1319 superiorem
888 1242 957 1303 lore
976 1256 1013 1302 se
1032 1239 1230 1303 confidebat:
1250 1257 1327 1302 cum
1350 1256 1493 1315 nequam
1516 1241 1679 1302 eiusmodi
1697 1242 1873 1304 bominibus

664 1357 861 1419 contendere
884 1369 949 1417 non
973 1370 1046 1417 esse
1069 1355 1282 1432 temeritatis,
1306 1354 1516 1416 lucernarum
1540 1355 1629 1416 enim
1647 1356 1705 1415 isti
1725 1357 1875 1417 uenditori

665 1471 812 1532 clamoso
841 1469 969 1531 nullam
1000 1485 1073 1531 esse
1097 1484 1208 1530 rerum
1232 1468 1438 1545 publicarum
1461 1470 1629 1546 peritiam,
1653 1469 1781 1530 nullam
1803 1471 1877 1530 inter

664 1584 756 1644 cives
792 1583 1043 1656 anctoritatem
1082 1582 1214 1643 iuvenis
1252 1585 1366 1643 autem
1405 1585 1593 1660 protervus,
1634 1583 1728 1643 cuius
1766 1597 1876 1644 nomen

665 1701 797 1774 propter
829 1696 1001 1758 libidinum
1034 1695 1324 1772 intemperantiam
1354 1696 1388 1755 in
1419 1696 1569 1757 omnium
1600 1711 1656 1757 ore
1688 1699 1877 1769 versaretur,

664 1817 701 1874 ut
735 1813 821 1874 serio
851 1810 974 1886 aliquid
1004 1810 1082 1872 belli
1112 1810 1245 1871 domive
1274 1797 1483 1871 ¹tractaturus
1515 1812 1607 1871 esset
1635 1824 1799 1886 unquam,
1828 1809 1878 1868 vir

666 1926 767 1987 rideri
797 1924 964 2001 credibile,
995 1923 1072 1985 licet
1103 1923 1210 1984 laudis
1240 1926 1329 1984 esset
1358 1923 1654 2000 appetentissimus
1682 1926 1717 1985 et
1749 1923 1880 1985 Periclis

666 2040 892 2102 consobrinus.

709 2155 750 2216 ut
779 2154 841 2215 boc
863 2153 994 2229 quidem
1018 2154 1168 2228 tempore
1190 2152 1281 2212 cives
1303 2151 1346 2211 iis
1368 2151 1450 2212 solis
1471 2151 1673 2228 praebebant
1694 2165 1808 2226 aures,
1830 2149 1879 2224 qui

665 2269 705 2330 ad
735 2267 812 2329 belli
841 2265 1029 2329 decennalis
1051 2263 1151 2326 finem
1174 2265 1361 2326 iaciendum
1388 2265 1657 2326 adhortabantur.
1680 2264 1764 2324 Nam
1787 2264 1880 2325 rebus
1977 2332 1978 2355 ἶ

664 2383 814 2445 adversis
842 2382 1010 2443 extinctus
1040 2381 1111 2441 erat
1132 2380 1275 2440 martius
1297 2379 1403 2456 ardor,
1427 2383 1461 2440 et
1487 2378 1678 2455 paenitebat
1699 2381 1880 2454 spretarum

663 2499 743 2560 olim
777 2497 868 2572 pacis
901 2493 1146 2568 condicionum,
1182 2507 1265 2567 quas
1299 2494 1379 2554 ωηο
1413 2507 1488 2554 cum
1531 2492 1632 2554 cleon
1666 2465 1773 2553 victor
1805 2489 1881 2565 Pylo

664 2611 805 2672 redierat
836 2608 968 2684 saepius
1000 2607 1190 2668 obtulerant
1219 2606 1479 2667 Lacedaemonii.
1510 2606 1635 2681 Nempe
1664 2605 1753 2681 plus,
1786 2617 1881 2679 quam
1977 2588 1978 2593 ’

662 2720 864 2800 praebebant
892 2720 954 2796 illi,
987 2722 1065 2780 tunc
1087 2721 1306 2795 poposcerant
1328 2718 1565 2793 Athenienses,
1589 2733 1678 2778 nunc
1699 2733 1781 2778 vero
1806 2715 1882 2792 ,uti-

661 2835 763 2898 nam’'
782 2849 895 2895 secum
914 2831 1138 2893 mussitabant
1151 2846 1236 2906 ,ηοη
1247 2833 1390 2908 partium
1402 2831 1611 2907 popularium
1622 2830 1711 2909 duci,
1729 2831 1880 2906 Spartam

664 2962 817 3025 ,prorsus
840 2946 1069 3022 proterendam
1093 2946 1192 3006 vasta
1214 2960 1295 3005 voce
1318 2944 1510 3020 clamantis,
1534 2947 1614 3005 tunc
1637 2959 1792 3005 essemus
1814 2958 1884 3004 aus-

665 3062 814 3138 ,cultati,
836 3061 895 3121 sed
914 3058 1026 3120 Niciae
1047 3059 1209 3132 huiusque
1232 3057 1367 3118 amicis:
1391 3061 1526 3119 sextum
1546 3058 1614 3118 iam
1626 3072 1754 3117 annum
1766 3058 1886 3118 brissei

664 3176 789 3252 „pexi”
810 3207 849 3217 -
871 3173 963 3234 Nunc
982 3187 1105 3246 magna
1122 3171 1279 3246 poscendi
1297 3170 1423 3232 nullam
1443 3172 1544 3233 etiam
1564 3185 1639 3232 esse
1656 3173 1882 3243 occasionem,

660 3289 717 3350 sed
737 3288 818 3348 bene
838 3291 950 3347 actum
969 3286 1038 3347 iore
1057 3285 1098 3345 de
1109 3285 1383 3361 Atheniensibus,
1404 3285 1434 3346 si
1446 3284 1694 3346 condicionibus
1704 3300 1772 3346 ηοη
1784 3283 1887 3346 nimis
1977 3320 1978 3343 .

659 3401 780 3475 iniquis
803 3414 878 3461 cum
902 3398 1055 3460 hostibus
1077 3397 1201 3473 pacisci
1223 3396 1348 3473 liceret,
1372 3399 1471 3474 probe
1495 3398 1684 3459 sentiebant
1705 3413 1837 3460 omnes.

1229 3763 1304 3823 XII.

700 3969 827 4042 Ergone
856 3965 1002 4027 instabat
1031 3965 1196 4026 malorum
1226 3963 1318 4026 linis!
1350 3964 1470 4026 Decem
1502 3981 1560 4040 per
1590 3979 1696 4026 annos
1725 3965 1815 4027 inter
1848 3979 1887 4024 se

653 4081 802 4157 iugulare
833 4078 974 4139 Graecos
1002 4079 1176 4154 postquam
1208 4078 1358 4139 siverunt
1387 4079 1537 4154 numina,
1568 4078 1703 4138 tandem
1738 4079 1887 4153 impium

653 4197 748 4258 illum
778 4195 923 4256 furorem
952 4193 1136 4267 fregerantl
1166 4191 1242 4253 Uno
1272 4193 1454 4267 eodemque
1484 4194 1669 4268 momento,
1693 4196 1731 4252 ut
1758 4193 1889 4254 iratres

654 4309 702 4368 illi
735 4305 896 4380 Thebani,
933 4305 1001 4365 dux
1033 4307 1171 4379 uterque
1205 4304 1381 4381 ceciderat,
1417 4307 1452 4366 et
1485 4320 1562 4367 cum
1595 4304 1663 4366 illis
1692 4306 1889 4367 ceciderant

655 4420 796 4482 bellandi
817 4418 945 4492 studia;
971 4433 1035 4478 ηοη
1062 4417 1128 4478 nisi
1150 4418 1278 4479 consilii
1300 4422 1335 4479 et
1357 4418 1605 4480 benevolentiae
1628 4418 1752 4492 aliquid
1776 4419 1889 4480 etiam

653 4533 881 4608 requirebatur
904 4531 944 4591 ad
968 4528 1227 4591 confirmandam
1251 4547 1367 4607 pacem
1385 4532 1470 4592 nulli
1492 4547 1557 4593 non
1581 4532 1847 4608 optatissimam.

697 4647 796 4707 Laeto
819 4647 914 4705 aestu
939 4644 1091 4705 efferbuit
1114 4647 1230 4719 poetae
1254 4646 1383 4706 iuvenis
1406 4646 1539 4706 animus
1561 4660 1754 4721 generosus.
1774 4647 1890 4723 Quem

651 4777 717 4821 non
749 4758 860 4820 solum
891 4757 1011 4833 gaudia
1044 4758 1280 4833 pertentabant
1313 4758 1526 4835 dulcissima,
1560 4758 1619 4820 sed
1654 4760 1689 4819 et
1720 4759 1891 4836 superbia

654 4875 786 4936 meritis
819 4873 979 4946 quaesita.
1014 4873 1130 4934 Nonne
1165 4881 1200 4933 et
1233 4874 1303 4949 ipse
1337 4889 1395 4949 pro
1422 4873 1548 4935 viribus
1577 4875 1714 4934 strenue
1742 4875 1895 4936 dederat

652 5004 786 5066 operam
810 4991 847 5049 ut
869 4987 961 5064 pects
983 4987 1042 5048 illa
1064 5002 1141 5062 spes
1159 4991 1235 5048 rata
1252 4986 1346 5049 tieret
1365 4987 1567 5062 aliquando?
1585 4986 1701 5048 Nonne
1719 4989 1893 5050 audacter
