4375 6284
699 979 761 1039 118
1213 994 1254 1038 nn
1277 993 1402 1038 ronnas

694 1165 841 1227 tabulam
871 1165 1139 1240 semiperfectum
1162 1164 1353 1241 seponendi,
1377 1166 1415 1226 nt
1436 1165 1549 1226 minus
1571 1165 1638 1227 iam
1663 1168 1788 1241 aptam.
1810 1163 1896 1224 Ratio·
1962 1137 1963 1202 l

695 1295 773 1340 nom
802 1282 917 1341 tamen
945 1279 1043 1340 huius
1071 1277 1198 1339 funeris
1228 1277 1341 1339 haberi
1371 1293 1506 1339 necesse
1529 1281 1610 1340 erat.
1629 1279 1795 1340 Necesse?
1815 1278 1898 1336 imno

695 1393 808 1455 haberi
837 1392 972 1455 licebat!
1004 1392 1088 1452 Nam
1113 1391 1314 1467 praestantis
1336 1393 1388 1452 est
1409 1391 1548 1468 ingenii,
1571 1392 1741 1454 stimulari
1762 1395 1800 1453 et¹
1816 1389 1899 1451 suble·

1962 2117 1963 2186 l

1962 2193 1963 2234 l

695 1508 767 1567 vari
789 1507 887 1569 rebus
910 1505 1092 1582 subitariis,
1117 1519 1200 1579 quae
1223 1504 1378 1580 vulgares
1400 1505 1552 1566 homines
1573 1506 1773 1582 opprimunt.

740 1620 843 1681 Morte
871 1618 1036 1696 Euripidis
1065 1621 1100 1680 in
1131 1618 1311 1679 inferorum
1341 1618 1510 1694 regionem
1541 1619 1693 1680 invectus
1723 1621 1795 1680 erat
1813 1617 1900 1678 incola

696 1734 854 1796 verbosus
873 1735 907 1794 et
924 1747 1076 1809 pugnax:
1098 1731 1268 1807 Sophoclis
1286 1734 1394 1793 morte
1406 1732 1545 1794 Athenis
1557 1732 1709 1794 sublatus
1721 1731 1901 1793 estultimus

694 1848 801 1922 poeta.
824 1847 911 1907 Hinc
934 1846 1001 1907 iam
1024 1845 1135 1908 fabula
1157 1846 1244 1921 capit
1267 1846 1413 1907 initium.
1439 1879 1479 1890 -
1506 1845 1658 1922 ,Nulline
1678 1847 1739 1907 viri
1758 1844 1900 1908 Athenis?

696 1960 783 2021 alibi
817 1959 919 2034 igitur
953 1958 1140 2033 quaerenda
1173 1959 1306 2021 salusl'’
1340 1958 1402 2020 His
1435 1959 1546 2020 verbis
1579 1962 1677 2036 poeta
1710 1958 1899 2021 comicosin

695 2073 867 2134 Mulierum
910 2072 1059 2134 Divertio
1093 2070 1264 2134 Graeciam
1298 2072 1496 2134 servandam
1532 2072 1668 2134 credidit
1701 2073 1840 2134 feminis.
1869 2103 1900 2114 -

699 2186 851 2263 „Nulline
885 2186 1027 2248 Athenis
1060 2187 1224 2263 poetae?''
1257 2187 1329 2264 ipse
1362 2188 1430 2248 iam
1465 2187 1588 2248 clamat
1620 2187 1800 2264 Dionysus,
1827 2185 1902 2246 cuius

694 2301 846 2363 ludorum
889 2315 1057 2362 summum
1101 2302 1202 2363 decus
1242 2303 1320 2361 sunt
1354 2301 1536 2362 certamma
1569 2301 1717 2375 scenioa;
1751 2300 1902 2372 additque:

698 2415 805 2498 „Alibi
840 2415 941 2491 igitur
974 2399 1106 2491 poetam
1138 2415 1328 2490 quaeram”‚
1362 2448 1401 2458 -
1434 2414 1556 2475 bonum
1586 2413 1744 2475 nimirum
1773 2414 1900 2489 poetam

697 2545 775 2590 nam
798 2528 879 2590 mali
900 2527 1001 2589 multi
1023 2527 1115 2588 mero
1138 2542 1269 2603 semper
1291 2529 1324 2588 et
1346 2543 1434 2588 nunc
1456 2531 1534 2589 sunt
1557 2527 1700 2604 plurimi.
1962 2543 1963 2612 i

743 2644 788 2704 At
818 2641 897 2703 talis
929 2642 1029 2703 homo
1063 2640 1119 2702 ubl
1152 2641 1381 2714 quaerendus?
1411 2641 1482 2703 Non
1513 2642 1602 2702 enim
1632 2642 1730 2702 extra
1757 2639 1900 2701 Athenae!

699 2755 786 2817 Alibi
808 2770 873 2816 non
897 2754 1049 2816 habitant
1066 2769 1197 2831 musas,
1218 2769 1275 2816 eae
1294 2755 1425 2828 quidem
1446 2770 1562 2815 musae
1581 2769 1663 2829 quae
1675 2753 1816 2829 Dionyso
1827 2766 1903 2813 carae

698 2872 787 2932 sunt.
818 2869 889 2931 Illic
918 2871 949 2930 si
978 2871 1076 2945 pocta
1105 2870 1265 2946 tragicus,
1297 2870 1352 2945 qui
1382 2870 1511 2944 probari
1541 2871 1658 2948 possit,
1689 2868 1799 2931 nullus
1819 2868 1903 2928 eiiam

699 2986 880 3059 comparet,
909 2982 1021 3044 nullus
1044 2984 1275 3060 estnequam,
1300 2998 1365 3059 qua
1387 2983 1538 3058 splendet
1560 2983 1620 3044 sol.
1644 2983 1728 3058 Ergo
1752 2985 1906 3058 quaeratur

699 3098 755 3158 ubi
784 3112 850 3158 non
872 3097 961 3158 lucet
983 3097 1053 3159 sol:
1077 3097 1215 3159 adeatur
1237 3111 1375 3173 regnum
1399 3097 1569 3158 Plutonisl
1594 3096 1707 3158 Solent
1729 3098 1816 3159 enim
1838 3097 1907 3156 inter

698 3226 736 3272 se
757 3212 865 3272 visere
887 3211 933 3272 dii
951 3215 986 3272 et
1003 3211 1088 3271 alter
1106 3209 1202 3271 alteri
1220 3209 1360 3272 libenter
1378 3211 1605 3287 obtemperare
1624 3211 1761 3288 petenti,
1780 3211 1808 3272 si
1820 3211 1906 3287 possit

697 3323 780 3385 lieri.
810 3324 905 3385 Petet
927 3339 947 3386 a
969 3324 1109 3385 Plutone
1133 3327 1317 3401 mortuum,
1342 3340 1438 3399 quem
1462 3326 1495 3386 in
1518 3328 1643 3387 terram
1666 3325 1811 3387 reducat.
1833 3323 1905 3399 Quod

699 3439 827 3515 Orpheo
851 3452 1060 3515 concessum,
1085 3437 1230 3513 Dionyso
1253 3441 1416 3513 negetur?
1962 3415 1963 3432 ¹

744 3551 847 3627 Quem
866 3567 944 3614 vero
968 3554 1162 3613 mortuum?
1185 3553 1255 3613 Non
1279 3554 1433 3628 estquod
1454 3554 1618 3629 ambigat:
1638 3555 1673 3616 in
1691 3555 1798 3616 lucem
1811 3567 1905 3615 seeum

699 3666 839 3727 abducet
867 3667 1067 3743 Euripidem.
1099 3663 1199 3728 Ouios
1226 3670 1342 3743 poetae
1364 3672 1398 3728 et
1421 3667 1487 3728 alia
1508 3668 1662 3728 dramata
1684 3669 1864 3729 recordatur
1882 3668 1907 3724 et
1962 3639 1963 3694 i

699 3778 944 3841 Andromedam
976 3781 1092 3842 octavo
1116 3779 1234 3842 abhinc
1257 3794 1343 3842 anno
1366 3783 1551 3857 spectatam
1576 3784 1609 3841 st
1633 3796 1737 3857 nuper
1758 3781 1908 3842 relectam.
1962 3717 1963 3786 ¹

700 3892 789 3967 Quae
807 3908 905 3967 quam
929 3893 1013 3955 bella
1030 3897 1103 3955 erat
1119 3893 1244 3971 fabula,
1264 3909 1364 3968 quam
1383 3891 1548 3956 horrifica!
1569 3893 1731 3957 Dictionls
1743 3896 1798 3970 qui
1818 3892 1907 3970 splen·
1962 3834 1963 3924 ¹

699 4007 768 4082 dor,
788 4022 872 4080 quac
892 4008 984 4084 copia
1003 4008 1180 4069 verborum
1199 4009 1377 4069 novorum!
1399 4007 1559 4084 Fingendi
1578 4023 1660 4082 quae
1679 4009 1824 4084 audacia,
1841 4019 1909 4082 quae
1962 4005 1963 4038 ³

698 4119 861 4180 sollertia!
886 4120 1057 4195 Euripides
1080 4123 1260 4183 reviviscat
1282 4123 1426 4199 oportet!
1452 4122 1537 4182 Huic
1560 4121 1672 4183 nullus
1694 4126 1769 4198 pari
1962 4105 1963 4122 ¹

744 4234 949 4308 Quamquam
973 4235 1216 4296 tenebricosum
1237 4237 1317 4298 illud
1336 4238 1399 4298 iter
1419 4251 1524 4312 neque
1543 4251 1721 4298 amoenum
1740 4238 1808 4298 iore
1820 4233 1909 4307 suspi-

699 4350 793 4408 catur
825 4347 991 4423 Dionysus
1025 4363 1130 4423 neque
1163 4350 1269 4411 facile.
1300 4351 1504 4428 suspicatur,
1535 4365 1613 4412 nam
1643 4365 1709 4412 non
1739 4351 1837 4412 novit
1859 4343 1908 4406 sed

698 4476 780 4535 quae
799 4463 944 4539 nescias,
966 4465 1145 4525 resciscere
1167 4465 1245 4525 licet
1262 4463 1302 4524 ab
1324 4465 1414 4540 aliis,
1435 4481 1454 4524 a
1471 4464 1693 4526 familiaribus
1704 4463 1909 4540 potissimum.

698 4576 858 4638 Hercules
880 4580 992 4637 autem
1014 4578 1116 4639 irater
1139 4579 1179 4638 ad
1203 4578 1325 4639 inferos
1348 4577 1427 4640 olim
1452 4579 1535 4638 abiit
1556 4576 1732 4639 Cerberum
1754 4578 1908 4655 petiturus.

698 4688 875 4751 Cerberum
917 4691 1062 4752 scilicet:
1086 4736 1093 4751 .
1117 4737 1153 4752 ..
1195 4693 1362 4767 expeditio
1397 4692 1459 4752 erit
1492 4691 1789 4767 periculosissimal
1822 4687 1909 4750 caute

697 4803 800 4878 igitur
829 4805 1012 4879 agendum:
1043 4805 1220 4867 Herculem
1253 4820 1326 4866 esse
1351 4821 1386 4866 se
1409 4804 1528 4880 flnget;
1552 4805 1601 4865 sio
1623 4808 1775 4867 metuent
1795 4813 1908 4866 omnes,

698 4931 803 4990 neque
834 4917 979 4979 obstabit
1008 4919 1183 4994 quisquam
1208 4919 1384 4993 quominus
1408 4919 1440 4979 in
1464 4918 1563 4979 aedes
1585 4918 1737 4981 Plutonis
1759 4911 1908 4996 perveniat

701 5032 886 5094 incolomis.
