4375 6284
768 968 848 1014 vrrs
871 968 911 1014 sn
934 967 1103 1044 eruemus.
1489 953 1551 1014 155

330 1151 551 1228 ponderosam.
586 1143 799 1206 Feminarum
838 1139 1019 1216 Imperium
1054 1139 1149 1201 verni
1182 1139 1236 1201 vei
1269 1138 1412 1202 iuvenile
1454 1138 1554 1200 habet

331 1263 419 1340 nihil,
440 1264 476 1322 at
497 1255 737 1335 sexagenarius
759 1255 859 1331 poeta
881 1268 936 1315 res
955 1254 1121 1315 humanas
1136 1253 1258 1328 quanto
1281 1253 1390 1328 magis
1414 1268 1456 1313 ex
1474 1267 1552 1314 vero

330 1375 472 1453 depinxit
494 1388 594 1449 quam
618 1370 698 1433 oiim
722 1366 925 1431 vicenarius!

369 1488 503 1551 Parcius
537 1499 675 1562 campos
708 1482 799 1544 iovet
831 1480 881 1543 soi
913 1480 1151 1558 auctumnalis,
1183 1484 1217 1542 et
1246 1480 1423 1556 obliquatis
1452 1479 1553 1542 radiis

329 1621 382 1681 per
408 1601 605 1665 nebularum
635 1598 724 1659 lente
754 1594 964 1671 surgentium
995 1609 1071 1656 rara
1093 1594 1168 1656 vela
1189 1595 1399 1657 transmissis
1421 1609 1555 1656 summa

328 1715 470 1792 stringit,
516 1712 575 1775 sed
611 1710 745 1773 irondes
780 1708 883 1770 etiam
917 1707 1041 1769 densae
1075 1711 1111 1770 et
1142 1723 1316 1784 pomorum
1350 1709 1555 1785 turgentium

328 1831 425 1907 copiis
453 1828 612 1890 variatae.
643 1825 754 1886 Instat
782 1823 893 1884 hiems
924 1823 960 1883 et
988 1821 1055 1883 leni
1083 1822 1227 1897 quadam
1258 1822 1397 1884 tristitia
1421 1823 1555 1900 perlusa

327 1946 401 2006 sunt
422 1941 549 2019 omnia,
573 1938 721 2002 nondum
743 1939 856 1998 tamen
879 1934 1039 1997 abolitum
1063 1938 1115 1997 est
1136 1935 1221 1997 lucie
1244 1937 1279 1998 et
1296 1937 1386 1998 vitae
1405 1952 1553 2013 regnum.

326 2058 433 2133 Neque
456 2053 671 2117 Feminarum
694 2049 873 2126 Imperium
901 2049 1065 2123 sequioris
1086 2051 1139 2110 eet
1161 2048 1285 2126 ingenii
1307 2064 1409 2124 quam
1432 2051 1553 2114 richar.

326 2184 446 2232 nenses
475 2180 581 2242 neque
612 2163 784 2241 Sophoclis
813 2162 1015 2224 Philoctetes
1043 2177 1144 2237 quam
1168 2162 1239 2224 eius
1261 2163 1363 2241 Aiax,
1387 2165 1556 2226 structura

326 2285 436 2345 eutem
459 2277 676 2355 aequabiliter
697 2276 878 2354 ponderata
899 2275 976 2352 plus
998 2273 1090 2337 valet
1113 2277 1290 2351 utrumque
1314 2278 1430 2340 drama
1447 2293 1556 2341 recen·

325 2397 391 2459 tius
422 2408 525 2470 quam
558 2393 668 2470 priora
697 2390 766 2453 iila.
798 2390 833 2450 Si
862 2389 938 2465 quis
967 2389 1058 2451 iocos
1086 2390 1248 2464 quosdam
1271 2405 1390 2467 pamm
1412 2390 1556 2454 urbanos

325 2525 418 2586 aegre
440 2508 552 2570 ferens
573 2505 787 2568 Feminarum
809 2504 990 2580 Imperium
1013 2503 1100 2566 iuter
1122 2505 1266 2581 optimas
1288 2507 1404 2581 poetes
1425 2504 1556 2567 tabulas

325 2636 494 2686 recensere
517 2619 614 2697 nolit,
639 2619 787 2693 iniquam
810 2618 895 2680 ierat
913 2618 1116 2680 seutentiam
1135 2617 1175 2679 de
1194 2617 1314 2680 ultimo
1333 2620 1419 2694 quod
1431 2619 1555 2682 Aristo·

324 2737 439 2812 phanis
462 2733 633 2811 ingenium
657 2733 785 2810 peperit
806 2747 902 2810 opere
925 2749 962 2795 se
985 2734 1157 2809 condigno.

911 2997 970 3059 111.

367 3186 483 3247 Plures
505 3184 635 3246 tabulas
656 3184 755 3260 poeta
777 3183 836 3243 aut
858 3196 923 3244 non
946 3181 1138 3257 scripsisset
1161 3183 1336 3262 vellemus,
1357 3186 1475 3248 autad
1494 3202 1556 3248 nos

324 3299 496 3376 pervenire
518 3311 585 3359 non
608 3297 746 3358 sivisset
767 3296 867 3373 longa
888 3296 974 3374 dies,
998 3312 1108 3359 rerum
1134 3298 1229 3359 edax.

366 3413 430 3475 Sed
454 3413 492 3472 ut
512 3411 546 3472 in
568 3410 670 3488 bello,
695 3444 737 3455 -
760 3410 817 3473 ubi
836 3410 999 3473 Fhereitis
1018 3411 1122 3489 parci,
1142 3411 1311 3475 Patrocloe
1330 3412 1463 3475 absumi
1480 3415 1556 3491 plus

324 3526 428 3590 semel
459 3524 633 3601 conquesti
662 3526 743 3586 sunt
767 3527 901 3603 poetae,
927 3558 969 3569 -
993 3526 1100 3587 sicin
1123 3525 1247 3587 litteris
1269 3526 1469 3590 interierunt
1491 3528 1556 3605 plu·

324 3645 409 3707 rima
427 3659 512 3719 quae
534 3643 719 3718 aegerrime
738 3642 979 3721 desiderantur,
1002 3643 1129 3704 intacta
1147 3645 1326 3705 evaserunt
1343 3659 1427 3719 quae
1445 3645 1557 3706 minus

324 3759 440 3820 iuvant
467 3759 614 3820 servata.
646 3757 738 3818 Inter
767 3733 866 3818 artis'
881 3771 989 3834 opera,
1020 3770 1105 3831 quae
1132 3772 1175 3818 ex
1198 3773 1280 3819 aevo
1303 3758 1410 3834 prisco
1433 3759 1472 3820 ad
1496 3775 1557 3822 nos

325 3873 558 3949 pervenerunt,
590 3873 669 3933 sunt
696 3870 815 3945 quibus
838 3885 903 3932 non
928 3873 1106 3946 praestans
1129 3870 1240 3944 aliqua
1262 3871 1369 3932 virtus
1388 3873 1452 3933 luit
1472 3873 1556 3934 saiu-

324 3986 419 4064 raris,
450 3985 509 4047 sed
533 3986 606 4061 ipsa
628 3983 854 4046 mediocritas.
878 3983 1096 4046 Mediocribus
1120 3999 1194 4044 esse
1216 3983 1326 4060 poetis
1348 3999 1414 4046 non
1438 3985 1470 4047 di
1493 4002 1559 4048 non

325 4101 477 4162 homines
511 4100 764 4176 concesserunt,
795 4107 830 4160 et
860 4099 993 4174 tempus
1022 4097 1065 4159 iis
1094 4097 1196 4158 iudex
1226 4100 1278 4159 est
1302 4099 1555 4161 veracissimus:

325 4214 503 4276 mediocria
532 4215 706 4290 poetamm
738 4227 837 4289 opera
866 4211 966 4298 haud,
977 4226 1084 4288 pauca
1105 4227 1148 4272 ex
1171 4211 1297 4287 ingenti
1320 4215 1431 4288 strage
1455 4229 1557 4276 emer·

325 4343 401 4403 gere
422 4327 504 4390 sivit
525 4331 660 4403 tempus
683 4328 718 4388 et
740 4328 873 4403 propter
894 4326 1067 4388 levitatem
1095 4341 1250 4402 „sursum
1276 4327 1423 4388 eadere'·
1447 4328 1486 4388 In
1505 4327 1558 4389 his

326 4445 376 4502 est
401 4440 636 4515 Aristophanis
659 4439 847 4517 catabula,
870 4455 953 4515 quae
976 4440 1138 4516 temporie
1159 4440 1274 4503 habita
1296 4441 1424 4503 ratione
1447 4456 1556 4517 super·

325 4555 442 4616 siitum
467 4557 519 4616 est
543 4553 676 4631 ultima,
696 4554 804 4630 primo
823 4556 937 4615 autem
957 4554 1029 4616 loco
1048 4553 1082 4614 in
1102 4553 1269 4616 codicibus
1287 4555 1450 4631 reperitur
1461 4555 1556 4618 collo·

326 4671 409 4730 nata.
434 4669 560 4744 Nempe
584 4668 670 4741 quod
694 4668 813 4730 ceteris
835 4667 963 4729 facilior
986 4670 1077 4729 esset
1100 4666 1269 4730 intellectu
1293 4672 1328 4730 et
1349 4670 1432 4730 artis
1454 4669 1556 4731 humi·

325 4781 431 4860 iioris,
456 4780 793 4846 honorificentissime
817 4785 870 4843 est
892 4781 1007 4843 babita
1029 4782 1063 4843 in
1086 4781 1226 4858 scholis,
1250 4785 1284 4843 et
1305 4797 1406 4859 saepe
1429 4799 1448 4844 a
1471 4783 1558 4844 iudo·

326 4911 400 4958 rum
431 4896 606 4973 magistris
629 4910 705 4957 cum
728 4894 876 4957 Nubibus
899 4897 934 4956 et
955 4896 1058 4956 Ranis
1082 4895 1218 4974 tabuiis,
1242 4897 1300 4958 sed
1323 4897 1431 4958 multo
1454 4897 1556 4959 etiam

326 5012 456 5090 saepius
481 5025 582 5087 quam
605 5011 681 5088 irae,
706 5010 857 5072 lectitata
879 5012 932 5072 est
954 5012 988 5072 et
1010 5011 1185 5086 explicata.
1208 5009 1271 5072 Ubi
1294 5011 1402 5074 multa
1424 5010 1556 5086 quidem
