4375 6284
650 943 693 1002 32
1168 957 1210 1000 na
1233 956 1357 1000 accusa

649 1131 728 1190 sunt
768 1129 877 1190 almae
915 1131 1024 1189 terrae
1061 1128 1148 1189 dona
1185 1128 1279 1188 varia
1319 1131 1352 1188 et
1392 1129 1587 1190 succulenta
1627 1143 1645 1190 e
1683 1129 1862 1204 regionibus

649 1244 768 1303 vicinis
806 1257 826 1303 a
864 1241 1105 1303 mercatoribus
1142 1241 1325 1302 afferuntur
1362 1242 1509 1303 obsonia.
1548 1241 1616 1302 Alii
1649 1243 1764 1304 rustici
1792 1244 1861 1303 dum

650 1356 796 1416 lacrimis
836 1356 1002 1416 occaecati
1041 1355 1158 1430 lugent
1195 1355 1297 1416 boves
1330 1370 1350 1415 a
1383 1354 1602 1431 praedonibus
1631 1356 1798 1432 abreptos,
1827 1389 1862 1400 -

650 1468 826 1530 bellatores
866 1483 1048 1544 pugnaces,
1090 1468 1198 1543 qualis
1240 1471 1292 1529 est
1330 1469 1518 1529 Lamachus
1552 1469 1758 1546 taxiarchus,
1793 1471 1863 1531 dum
1959 1528 1960 1557 1

650 1584 782 1643 niuibus
816 1582 964 1642 hibernis
994 1582 1179 1643 obruuntur
1209 1583 1243 1640 in
1273 1582 1417 1643 statione
1447 1582 1611 1658 collocati,
1638 1583 1694 1644 ille
1725 1585 1758 1644 in
1787 1585 1866 1644 ruris

649 1711 791 1755 amoena
822 1695 933 1769 quiete
968 1698 1061 1756 assat
1094 1694 1210 1755 turdos
1240 1700 1274 1755 et
1304 1694 1469 1770 anguillas
1501 1696 1654 1756 Boeotiae
1684 1697 1867 1771 leporesque
1960 1702 1961 1709 ’

649 1809 845 1884 Megaricos,
886 1808 1019 1882 perinde
1062 1811 1161 1882 atque
1202 1808 1329 1882 pridem
1371 1807 1548 1869 assolebat.
1596 1809 1638 1869 lit
1676 1810 1711 1870 in
1744 1809 1867 1870 tabulae

649 1923 741 1982 exitu
776 1923 853 1982 vino
888 1922 1071 1996 gaudioque
1105 1921 1253 1996 fervens,
1296 1921 1446 1982 humeris
1480 1923 1696 1983 convivarum
1730 1924 1867 1994 innisus,
1960 1973 1961 1994 ,

650 2036 817 2095 reducitur
859 2035 964 2096 victor
1004 2051 1047 2096 ex
1088 2036 1281 2111 poculorum
1323 2037 1506 2097 certamine
1546 2037 1651 2110 avito,
1691 2037 1869 2110 praemium
1960 2015 1961 2032 ¹

651 2147 809 2209 victoriae
831 2148 924 2209 nulla
947 2150 1045 2209 caede
1068 2150 1261 2210 cruentatae
1283 2151 1459 2210 ostentans
1479 2153 1592 2209 utrum
1619 2150 1686 2209 uini
1708 2150 1872 2223 generosi;

650 2262 836 2322 Lamachus
866 2265 980 2322 autem
1012 2260 1128 2321 lectica
1156 2263 1190 2322 in
1213 2277 1311 2323 auam
1334 2262 1472 2322 domum
1494 2263 1636 2322 refertur
1659 2263 1700 2322 ab
1722 2261 1872 2322 hostibus

652 2373 860 2448 vulneratus;
893 2375 987 2435 cuius
1016 2375 1211 2448 lugubribus
1241 2390 1323 2447 quoa
1353 2375 1444 2435 dolor
1472 2378 1649 2449 extorquet
1675 2374 1872 2435 clamoribus
1961 2364 1962 2457 l

649 2487 846 2563 obstrepunt
869 2486 958 2548 laeta
979 2487 1220 2562 Dicaeopolidis
1244 2489 1492 2561 amicorumque
1514 2489 1654 2548 cantica.
1961 2484 1962 2491 ’

694 2601 815 2662 Poetae
845 2602 1019 2661 inventum
1047 2600 1117 2661 illic
1140 2599 1195 2661 ubi
1218 2600 1335 2661 beatos
1356 2602 1516 2675 pueritiae
1539 2615 1646 2662 annos
1668 2600 1876 2675 transegerat

651 2717 764 2775 mente
788 2715 911 2774 versati
934 2715 1065 2775 animos
1086 2716 1313 2789 spectatorum
1337 2712 1440 2773 veluti
1463 2713 1610 2775 laetitiae
1629 2713 1740 2788 aliquo
1759 2713 1876 2773 balneo

650 2829 774 2890 reiecit.
794 2827 945 2903 Limpido
966 2842 1159 2902 camporum
1178 2827 1366 2887 Atticorum
1385 2833 1461 2887 aere
1480 2827 1655 2900 pulmones
1677 2842 1758 2886 suos
1770 2828 1876 2887 denuo
1962 2836 1963 2883 3

651 2940 797 3015 dilatari,
821 2955 940 3000 aevum
965 2939 1161 3001 cimoneum
1184 2940 1332 3000 nondum
1356 2940 1581 3015 praeteriisse,
1601 2953 1695 2999 mera
1712 2940 1879 3000 insomnia

651 3053 754 3114 fuisse
777 3052 854 3113 belli
876 3051 951 3113 illas
973 3067 1165 3127 aerumnas,
1193 3068 1251 3129 per
1273 3053 1433 3126 temporis
1456 3051 1556 3113 breve
1576 3053 1721 3127 spatium
1746 3053 1879 3114 credere

652 3169 845 3242 potuerunt,
881 3167 959 3226 dum
994 3181 1110 3228 aurem
1140 3165 1340 3242 praebebant
1366 3166 1496 3227 iabulae
1524 3166 1654 3227 iacetae
1682 3164 1881 3226 felicissima
1963 3146 1964 3196 t

651 3280 790 3341 audacia
809 3281 1012 3356 compositae
1032 3284 1066 3341 et
1083 3280 1253 3341 hilaritate
1273 3297 1349 3341 vere
1368 3281 1506 3342 iuvenili
1524 3284 1707 3341 enarratae.
1726 3281 1881 3340 Primum

653 3394 839 3468 praemium
869 3393 1103 3454 Acharnenses
1133 3393 1245 3454 fabula
1273 3394 1362 3455 tulit.
1394 3393 1455 3470 Qui
1484 3409 1523 3455 eo
1546 3395 1653 3454 maior
1675 3395 1739 3454 fuit
1760 3395 1881 3465 honor,

651 3506 736 3580 quod
758 3506 909 3567 aemulos
930 3510 1028 3582 poeta
1051 3507 1167 3567 habuit
1185 3506 1372 3584 cratinum,
1392 3507 1575 3568 multorum
1595 3522 1759 3567 annorum
1780 3506 1882 3568 laude

651 3618 828 3693 inclutum,
862 3621 896 3678 et
927 3619 1119 3694 Eupolidem
1151 3618 1284 3680 Cratino
1315 3620 1447 3694 quidem
1480 3619 1588 3680 multo
1617 3619 1780 3680 iuniorem
1807 3634 1884 3696 poe

651 3733 736 3807 tam,
761 3732 818 3792 sed
842 3733 969 3793 clarum
993 3736 1027 3793 et
1049 3735 1170 3809 ipsum.

696 3845 742 3905 Ida
772 3846 986 3921 Aristophani
1017 3848 1120 3908 etiam
1150 3851 1224 3909 erat
1255 3852 1344 3909 vitae
1367 3848 1533 3909 humanae
1556 3849 1737 3924 imperitia,
1761 3851 1804 3909 ut
1826 3848 1887 3909 iln-

652 3975 727 4035 gere
751 3961 814 4021 sibi
836 3964 950 4036 posset
973 3961 1147 4022 Graeciam
1171 3976 1191 4022 a
1213 3965 1311 4036 poeta
1334 3963 1460 4022 comico
1480 3977 1545 4022 non
1564 3961 1672 4022 solum
1692 3977 1726 4022 un
1746 3963 1889 4023 theatro

652 4075 710 4136 sed
741 4075 844 4136 etiam
873 4089 989 4135 revera
1019 4079 1182 4150 pacatam.
1213 4076 1249 4135 Id
1280 4075 1343 4135 sihi
1373 4077 1488 4136 datum
1513 4090 1601 4150 esse,
1626 4078 1664 4136 ut
1686 4075 1822 4137 civibus
1847 4075 1890 4136 ab

652 4203 761 4249 errore
800 4191 963 4250 revocatis
1004 4189 1256 4250 dilectissimam
1300 4191 1363 4250 sibi
1404 4191 1546 4265 patriam
1580 4205 1715 4251 seruare
1748 4195 1890 4266 posset,

652 4305 793 4365 habebat
832 4305 1136 4381 persuasissimum.
1179 4303 1289 4378 thue
1324 4305 1405 4364 bene
1439 4306 1503 4365 sibi
1537 4304 1669 4365 cederet
1702 4306 1891 4366 consilium

652 4419 733 4480 illud
763 4419 848 4480 haud
880 4423 1006 4480 temere
1033 4419 1172 4493 initum,
1204 4434 1246 4477 ex
1276 4419 1393 4479 intimo
1417 4421 1528 4479 animo
1551 4418 1716 4493 sperabat.
1739 4419 1894 4481 Videbat

653 4535 740 4594 enim
772 4535 805 4593 in
837 4533 907 4593 dies
937 4533 1108 4592 civitatem
1141 4532 1240 4592 malis
1276 4531 1376 4592 altius
1398 4535 1522 4607 mergi,
1550 4535 1603 4593 cui
1626 4533 1704 4606 quid
1726 4533 1893 4609 proderat

652 4648 681 4706 si
712 4647 918 4722 gravioribus
953 4648 1053 4707 etiam
1085 4646 1233 4707 cladibus
1265 4647 1487 4720 affligerentur
1514 4648 1652 4708 hostes?
1683 4648 1898 4711 Pestilentia

652 4765 685 4820 et
716 4760 799 4823 bello
830 4763 1018 4823 miserrime
1048 4761 1248 4822 imminutus
1277 4766 1350 4822 erat
1380 4763 1503 4822 ciuium
1535 4778 1704 4824 numerus.
1736 4763 1898 4823 Pecunia

652 4875 782 4948 quidem
802 4876 948 4936 nondum
969 4874 1157 4948 deficiebat,
1178 4890 1256 4935 nam
1274 4877 1588 4951 magnaidentidem
1601 4878 1900 4938 visanriasociis

652 4988 800 5050 Athenas
823 4988 1031 5050 deferebatur
1050 4994 1084 5049 et
1106 4988 1244 5050 florebat
1267 4996 1472 5065 mercatura;
1495 4995 1552 5053 sed
1575 5006 1655 5067 opes
1676 5006 1719 5052 ne
1740 4993 1901 5065 posthac
