4375 6284
726 945 806 990 vrrs
829 945 869 990 rr
891 945 1061 992 ornamus.
1464 931 1505 990 87

304 1118 468 1180 Incredibili
498 1118 588 1181 enlm
619 1134 658 1180 ac
688 1133 765 1179 vere
794 1116 980 1178 admirabili
1002 1114 1162 1177 firmitate
1186 1115 1289 1176 animi
1313 1115 1512 1177 obstiterunt

305 1233 445 1293 malorum
487 1232 582 1308 moli,
626 1235 661 1292 st
703 1231 936 1292 vehementius
977 1245 1078 1304 quam
1119 1228 1265 1289 militum
1299 1229 1509 1290 Niciauorum

304 1346 403 1407 debilis
422 1346 579 1406 interitus
601 1345 686 1421 apud
710 1343 935 1418 Thucydidem
960 1358 1094 1404 summa
1113 1345 1184 1404 arte
1203 1345 1376 1404 enarratus
1396 1345 1510 1418 pectus

304 1459 463 1534 legentium
499 1462 714 1522 commovent
748 1474 832 1533 quae
865 1458 952 1519 idem
989 1459 1129 1534 scriptor
1164 1455 1370 1533 simplicibus
1403 1457 1511 1519 verbis

303 1573 412 1635 rettulit
437 1574 476 1634 de
500 1573 637 1635 civitate
659 1573 752 1634 luctu
772 1574 871 1645 atque
890 1574 1017 1633 terrore
1036 1585 1195 1647 oppressa
1214 1586 1279 1632 non
1300 1571 1398 1631 victa.
1411 1570 1511 1632 Tristi

302 1685 394 1747 tannae
414 1685 494 1748 ildes
517 1686 681 1762 denegata
698 1686 863 1762 primum;
884 1684 973 1762 dein,
993 1700 1068 1746 cum
1088 1683 1200 1745 nullus
1220 1683 1321 1744 etiam
1340 1683 1509 1745 dubitandi

302 1801 377 1859 emet
399 1800 541 1876 occasio,
573 1800 650 1860 hinc
679 1799 729 1859 ira
759 1798 951 1875 excanduit,
976 1797 1068 1859 illinc
1095 1798 1242 1875 obrepsit
1264 1814 1374 1860 rerum
1398 1800 1508 1874 despe-

302 1912 389 1987 ratio;
417 1914 474 1974 sed
505 1927 586 1973 mox
615 1912 656 1973 ad
686 1927 723 1973 se
746 1913 844 1973 rediit
867 1911 991 1972 civium
1014 1926 1126 1988 mens,
1151 1914 1184 1971 et
1207 1911 1333 1973 viribus
1357 1913 1427 1974 suis
1450 1928 1510 1974 usa

302 2025 398 2087 cedere
425 2025 543 2104 noluit,
574 2027 631 2086 sed
658 2025 781 2101 placuit
813 2027 852 2085 ut
886 2025 1007 2086 damna
1041 2026 1175 2100 accepta
1208 2039 1307 2098 quam
1339 2025 1508 2089 celerrime

301 2141 532 2202 resarcirentur.
564 2139 736 2215 Temporis
765 2140 877 2199 autem
902 2137 1025 2212 aliquid
1049 2137 1089 2198 ad
1113 2150 1309 2212 generosum
1333 2137 1414 2199 illud
1436 2153 1509 2200 con·

300 2251 396 2313 silium
426 2254 654 2328 exequendum
678 2254 841 2314 concessit
864 2254 906 2314 iis
929 2253 1072 2329 fortuna,
1099 2267 1161 2326 quo
1188 2255 1322 2312 strenue
1345 2255 1425 2312 sunt
1446 2253 1507 2315 usi.

301 2364 409 2439 Quouis
438 2366 525 2428 enim
556 2367 717 2443 temporis
748 2366 886 2428 articulo
916 2367 1062 2427 hostium
1093 2365 1212 2426 classis
1235 2366 1355 2426 victrix
1377 2369 1508 2443 portum

300 2478 493 2541 Athenarum
517 2482 649 2556 poterat
671 2481 798 2556 petere3
823 2494 921 2555 quem
945 2480 1030 2554 quod
1054 2495 1120 2541 non
1142 2479 1275 2555 petivit,
1299 2479 1380 2541 ielix
1403 2481 1512 2542 effecit

300 2605 398 2668 casus,
429 2593 543 2667 quales
573 2607 743 2668 nunquam
774 2590 911 2653 delicere
941 2594 1057 2654 urbem
1089 2592 1269 2669 Minervae,
1301 2607 1375 2654 cum
1400 2594 1513 2655 stultis

299 2703 408 2767 civium
450 2706 596 2768 consiliis
638 2707 671 2767 in
707 2706 864 2767 ultimum
899 2707 1081 2782 periculum
1118 2710 1206 2767 esset
1240 2705 1396 2782 adducta,
1431 2708 1510 2769 clim

299 2819 454 2890 perhibere
483 2819 611 2882 solebat
638 2822 735 2896 poeta
764 2819 924 2896 comicus,
957 2821 1084 2896 optima
1113 2819 1249 2894 quaevis
1279 2820 1404 2895 patriae
1432 2824 1512 2882 tunc

298 2944 422 3003 sperans
438 2929 471 3004 ¹).
495 2965 540 2975 -
557 2931 726 2994 Vacabant
745 2932 901 2995 navalia?
919 2933 1086 2994 Novarum
1107 2933 1207 3007 igitur
1225 2932 1361 2992 navium
1381 2935 1512 2996 carinae

298 3044 360 3105 sina
380 3062 472 3108 mora
494 3049 575 3108 aunt
597 3048 735 3123 positae.
758 3046 905 3108 Vacabat
928 3047 1117 3108 aerarium?
1136 3048 1181 3107 At
1199 3047 1347 3107 sanctius
1368 3047 1514 3108 restabat

299 3159 450 3220 somnium
473 3160 570 3237 illud,
594 3162 680 3235 quod
704 3161 738 3220 in
761 3160 900 3221 ultimos
923 3175 1022 3221 casus
1044 3160 1238 3236 seposuerat
1257 3158 1335 3219 olim
1357 3159 1510 3223 Pericles.

297 3268 404 3332 ldortui
433 3277 528 3334 erant
556 3276 677 3335 nautae
710 3272 953 3334 Athenienses?
986 3273 1071 3348 drgo
1099 3273 1156 3333 alii
1186 3274 1267 3333 sunt
1297 3273 1448 3334 conducti
1479 3277 1512 3336 et

298 3385 469 3447 exercitati.
497 3385 669 3448 Deceleam
692 3402 792 3463 prope
814 3386 853 3447 ab
876 3386 1017 3447 Athenis
1039 3385 1193 3447 dissitam
1217 3386 1332 3448 hostes
1354 3387 1513 3448 tenebant

297 3500 549 3562 communitam?
580 3499 716 3562 (lautius
745 3502 847 3576 igitur
875 3515 975 3574 quam
999 3501 1162 3561 hactenus
1181 3500 1271 3559 cives
1294 3514 1409 3561 muros
1432 3515 1513 3561 suos

297 3612 483 3676 custodituri
513 3618 622 3691 erant,
654 3629 719 3677 non
742 3615 869 3677 cessuri
892 3614 1025 3675 etiamsi
1048 3615 1253 3674 castrensem
1277 3613 1386 3688 potins
1409 3615 1513 3675 vitam

297 3736 383 3795 quam
413 3727 576 3791 urbanam
608 3727 727 3789 exinde
753 3731 867 3790 essent
890 3728 1019 3789 victuri.
1044 3727 1194 3788 Plurima
1217 3728 1257 3787 ad
1281 3727 1413 3788 hostem
1438 3729 1513 3788 vici·

296 3850 366 3899 num
394 3841 615 3917 confugerunt
642 3841 834 3918 mancipia?
863 3842 909 3902 llo
939 3842 1049 3902 minor
1079 3841 1143 3901 luit
1173 3841 1347 3901 hominum
1371 3843 1513 3903 nutrien-

297 3948 401 4015 dorum
431 3954 624 4032 multitudo,
648 3957 679 4015 si
701 3954 868 4016 obsidione
890 3954 968 4014 urbs
990 3953 1224 4015 includeretur.
1247 3952 1373 4015 Defecit
1398 3953 1514 4032 Chius,
1562 4037 1563 4040 Ἴ

296 4079 384 4136 quam
413 4067 573 4129 ultimam
603 4083 708 4142 aequo
739 4068 868 4129 loedere
898 4066 961 4128 sibi
984 4068 1132 4128 iunctam
1157 4067 1307 4127 Athenae
1330 4067 1517 4129 habuerant

297 4178 479 4242 civitatem?
509 4181 664 4242 Defecere
693 4180 819 4242 Lsshus
850 4184 884 4242 et
908 4181 1045 4242 Rhodus
1069 4182 1103 4241 et
1126 4195 1202 4241 orae
1225 4180 1369 4240 Asianae
1394 4180 1517 4242 urbes?

297 4291 332 4352 At
354 4295 489 4357 stabant
511 4295 612 4356 stiam
637 4296 769 4357 moenia
792 4296 1015 4370 Athenarum,
1041 4297 1075 4356 et
1099 4293 1227 4355 civibus
1250 4292 1388 4354 firmiter
1407 4293 1518 4354 stabat

297 4408 477 4486 consilium,
511 4411 541 4471 si
573 4409 786 4471 amitteretur
821 4409 924 4470 etiam
959 4423 1042 4482 quae
1078 4407 1296 4470 delectionem
1328 4407 1517 4469 minabatur

297 4517 428 4601 Euboea,
453 4539 548 4585 mare
572 4525 659 4586 certe
681 4524 896 4600 pertinaciter
918 4521 982 4583 sibi
1005 4522 1204 4584 vindicandi.

333 4636 419 4699 llaec
452 4653 551 4699 mens
584 4638 647 4698 luit
680 4636 953 4714 Atheniensibus,
993 4670 1034 4682 —
1070 4638 1104 4696 at
1135 4651 1199 4697 non
1230 4635 1399 4696 omnibus!
1430 4634 1514 4695 Nam

298 4752 381 4811 erant
410 4754 530 4830 etiam,
561 4754 672 4813 erantl
703 4751 823 4826 quihus
852 4766 959 4826 neque
989 4751 1092 4813 maris
1122 4751 1200 4811 lllud
1233 4748 1404 4811 arbitrium
1429 4747 1517 4808 cordi

327 5002 345 5065 ¹)
359 5009 425 5059 llnb.
443 5011 505 5060 587.
