4375 6284
1098 1847 1484 1938 APPENDIX.

1196 2160 1385 2169 ——-

818 2376 852 2452 Ι.
878 2375 1314 2452 Grammaticorum
1337 2372 1398 2449 de
1423 2373 1763 2469 Aristophanis

1107 2501 1209 2577 vita
1232 2502 1475 2594 excerpta.

723 2721 956 2797 Aristophanis
984 2719 1106 2782 fabulis
1129 2721 1206 2782 inde
1228 2719 1270 2781 ab
1293 2721 1436 2782 editione
1457 2721 1604 2797 principe
1626 2719 1800 2796 praemitti
1820 2717 1897 2780 solet

682 2837 753 2897 vita
775 2835 955 2910 quaedam,
986 2849 1071 2909 quae
1093 2836 1128 2895 ei
1149 2835 1184 2896 in
1208 2834 1283 2895 aliis
1306 2834 1471 2896 codicibus
1493 2836 1528 2895 et
1550 2835 1584 2894 in
1607 2833 1759 2895 omnium
1781 2834 1896 2910 optimo
1964 2822 1965 2915 l

679 2950 708 3009 V
737 2950 833 3010 extat
852 2946 886 3019 ¹).
917 2948 956 3008 In
986 2948 1102 3010 eodem
1124 2949 1246 3027 legitur
1268 2950 1369 3011 etiam
1393 2950 1524 3009 brevior
1547 2948 1631 3023 vita,
1655 2962 1755 3021 quam
1778 2948 1896 3023 primus

678 3062 848 3137 evulgavit
871 3055 1057 3139 Dindort²),
1080 3063 1296 3137 quadriennio
1318 3064 1394 3139 post
1416 3062 1575 3137 repetivit
1597 3059 1759 3123 Duebner.
1964 3122 1965 3135 ,

722 3176 890 3237 Brevioris
913 3175 1013 3237 huius
1035 3176 1126 3237 vitae
1148 3177 1311 3237 rationem
1334 3191 1400 3237 nou
1423 3174 1539 3236 habuit
1561 3174 1710 3236 lieineke
1735 3208 1774 3219 -·
1798 3189 1896 3248 neque
1964 3178 1965 3181 ’

678 3291 788 3366 potuit
811 3289 933 3350 habere
955 3322 999 3332 -
1022 3290 1057 3350 in
1079 3290 1357 3364 Fragmentorum
1381 3289 1590 3352 comicorum
1612 3282 1800 3365 editione'),
1821 3300 1896 3362 quse

677 3403 794 3465 eodem
823 3406 973 3479 tempore
1002 3418 1080 3466 cum
1110 3417 1206 3480 opere
1229 3402 1441 3465 Diodorflano
1464 3405 1555 3480 prelo
1578 3408 1631 3465 est
1652 3404 1813 3465 subiecta.
1842 3400 1895 3463 Sed

663 3518 804 3593 aliquot
826 3517 924 3578 annis
945 3520 1023 3593 post
1044 3516 1281 3578 Westermann
1305 3532 1381 3578 cum
1405 3517 1517 3579 ederet
1538 3518 1691 3579 Vitarum
1723 3518 1897 3594 Scriptores

678 3631 821 3693 Graecos
855 3631 1016 3707 minores,
1051 3630 1087 3690 in
1118 3630 1336 3692 utilissimum
1366 3632 1456 3691 hunc
1487 3631 1609 3692 librum
1640 3633 1676 3693 et
1704 3632 1788 3693 alias
1818 3632 1895 3690 vitas

678 3744 911 3821 Aristophanis
941 3744 1066 3819 recepit
1094 3746 1129 3804 et
1159 3743 1242 3805 duas
1264 3743 1353 3820 illas,
1385 3758 1467 3819 quas
1490 3745 1630 3820 praebet
1652 3744 1756 3806 codex
1779 3745 1824 3818 V;
1845 3740 1895 3803 sed

681 3873 776 3934 ‚cum
808 3858 1034 3920 intellexisset
1063 3859 1207 3920 alteram
1231 3859 1337 3919 vitam
1359 3858 1442 3919 nihil
1465 3859 1556 3920 aliud
1579 3874 1653 3921 esse
1676 3861 1741 3920 nisi
1763 3862 1896 3937 priorem

678 3972 908 4034 decurtatam”
921 3966 960 4049 ⁴),
996 3973 1031 4032 in
1061 3987 1167 4033 unum
1198 3987 1256 4034 eas
1287 3973 1470 4033 coniunxit.
1503 3971 1592 4049 Quae
1622 3972 1895 4049 complacuisset

677 4086 777 4161 ratio,
801 4085 899 4147 multi
923 4086 1220 4147 Westermannum
1244 4086 1351 4146 secuti
1370 4084 1511 4145 alteram
1529 4084 1623 4146 illam
1642 4086 1748 4147 vitam
1769 4086 1896 4147 vixdum

677 4202 844 4275 repertam
868 4200 1076 4273 abiecerunt;
1104 4214 1183 4260 nam
1207 4200 1241 4259 in
1264 4213 1368 4260 unum
1392 4197 1510 4259 ambas
1532 4198 1684 4276 iungere,
1708 4199 1741 4260 id
1764 4204 1817 4261 est
1838 4198 1894 4259 bre

679 4313 804 4375 viorsm
827 4312 1004 4389 neglegere
1026 4316 1126 4388 atque
1149 4313 1332 4389 aspernari.

720 4430 850 4491 Atrion
870 4431 923 4490 est
943 4428 1077 4490 brevior
1097 4427 1259 4503 illailla,
1280 4428 1313 4489 id
1333 4426 1419 4502 quod
1439 4427 1615 4488 videbatur
1634 4426 1896 4497 Wesrermanm,

678 4557 695 4603 e
728 4543 920 4605 recensione
954 4542 1135 4618 integriore
1170 4544 1345 4617 excerpta:
1380 4542 1452 4602 vita
1488 4540 1630 4618 amplior
1663 4541 1715 4601 eei
1749 4538 1898 4602 brevioris

710 4784 731 4851 ¹)
749 4786 828 4837 Nulla
847 4786 1038 4849 Prolegomena
1054 4788 1137 4836 lubet
1152 4788 1235 4836 ooder
1251 4790 1281 4837 R

709 4862 731 4924 ¹)
748 4866 882 4928 aristoph,
901 4868 988 4916 Sobel.
1005 4865 1019 4913 1
1036 4882 1062 4928 p.
1080 4868 1113 4915 el
1132 4880 1171 4928 eq.

711 4943 731 5003 ’l
749 4947 763 4993 1
780 4961 806 5007 r·
824 4948 873 4995 ⁶4²
889 4960 947 5008 an·

708 5023 731 5087 ¹)
748 5024 836 5075 Praei.
853 5042 879 5088 pv
896 5028 964 5075 xlv.
