4375 6284
646 933 689 991 80
1161 945 1203 989 on
1226 944 1351 990 roman

645 1133 752 1180 novus
782 1119 852 1194 ipse
881 1117 997 1179 mundi
1026 1116 1191 1177 dominus.
1222 1116 1260 1176 In
1290 1115 1438 1177 Nubibus
1472 1114 1733 1192 explodebantur
1766 1115 1855 1190 impia

646 1247 764 1306 aegrae
787 1231 912 1292 mentis
933 1230 1118 1290 insomnia:
1140 1230 1231 1305 ipsas
1253 1229 1320 1289 iam
1344 1229 1448 1290 nubes
1468 1229 1666 1290 habitandas
1685 1229 1748 1290 sihi
1770 1229 1856 1303 elegit

647 1344 704 1419 qui
724 1345 905 1419 primarum
928 1345 981 1404 est
1001 1343 1158 1418 partium.

692 1457 816 1518 Fabula
848 1456 950 1532 igitur
983 1454 1150 1530 amabilis,
1182 1469 1266 1529 quae
1295 1458 1348 1517 est
1376 1457 1415 1517 de
1444 1457 1573 1518 alitum
1596 1457 1734 1519 civitate
1756 1457 1855 1521 beata.

648 1588 667 1633 e
693 1570 835 1632 nubibus
864 1584 1027 1646 suspensa
1057 1571 1111 1629 eet
1141 1569 1228 1629 haud
1259 1584 1357 1630 secus
1379 1571 1478 1644 atque
1500 1571 1572 1647 ipsa
1589 1571 1709 1633 horum
1733 1549 1857 1640 civitam

648 1701 714 1746 non
737 1685 824 1747 enim
848 1683 965 1745 subest
986 1680 1119 1744 firmum
1144 1683 1227 1744 iliud
1249 1685 1383 1759 pietatis
1400 1684 1673 1763 tundamentum,
1694 1701 1760 1761 quo
1778 1686 1858 1746 nisus

647 1800 756 1860 iuerat
778 1804 876 1874 poeta
897 1812 979 1873 puer
1001 1799 1036 1858 et
1057 1797 1199 1858 iuvenis.
1227 1799 1373 1860 innocuo
1396 1798 1474 1859 olim
1499 1800 1570 1861 ioco
1592 1799 1761 1874 ingentem
1784 1797 1860 1858 Vini·

646 1913 730 1974 toris
760 1911 974 1973 scarabaeum
1004 1911 1145 1973 miserat
1168 1913 1202 1973 in
1225 1913 1315 1974 Iovis
1338 1913 1435 1973 aedes
1459 1928 1598 1974 vacuas:
1622 1928 1709 1975 nunc
1732 1913 1815 1974 alius
1835 1911 1860 1972 ei

649 2030 702 2089 est
734 2027 825 2087 vocis
858 2040 962 2086 sonus
993 2025 1034 2086 de
1063 2026 1222 2088 caelitum
1251 2027 1379 2088 familia
1406 2028 1536 2089 iocanti.
1560 2027 1649 2104 Quae
1671 2027 1781 2089 denuo
1802 2025 1859 2101 qui·

648 2141 724 2202 dem
747 2139 782 2200 in
804 2138 893 2200 Iovis
915 2138 1051 2200 aedibus
1069 2140 1137 2200 iam
1161 2139 1302 2215 habitat,
1328 2141 1385 2201 sed
1409 2155 1474 2201 non
1494 2142 1611 2215 regnat
1633 2140 1695 2216 ihi,
1713 2145 1752 2202 ut
1772 2140 1859 2210 olim;

649 2271 716 2317 non
750 2255 840 2316 enim
870 2269 1040 2315 summum
1072 2254 1175 2315 etiam
1204 2269 1317 2316 rerum
1344 2255 1556 2317 moderamen
1587 2254 1688 2316 hahet
1706 2255 1860 2330 Iuppiter:

648 2383 766 2431 revers
787 2382 876 2428 nunc
897 2366 937 2427 ab
961 2366 1153 2429 hominihus
1174 2368 1286 2444 impiis
1309 2368 1349 2430 de
1370 2370 1488 2430 throno
1512 2373 1565 2431 est
1587 2368 1714 2445 pulsus.

694 2480 885 2542 cavendum
915 2493 996 2539 sane
1024 2494 1066 2539 ne
1088 2480 1215 2554 ingenii
1241 2481 1342 2543 libers
1363 2482 1572 2544 lascivientis
1593 2483 1734 2544 facetiae
1756 2495 1864 2542 severa

649 2596 777 2656 trutina
808 2593 1047 2668 expendantur.
1078 2593 1151 2653 Non
1178 2595 1290 2668 gravis
1320 2594 1422 2670 aliqui
1452 2595 1668 2672 philosophus
1696 2607 1864 2656 morumve

650 2710 841 2785 praeceptor
871 2710 924 2768 eet
951 2708 980 2767 is
1011 2707 1106 2767 ouius
1135 2707 1235 2769 verbs
1257 2709 1491 2784 percipiuntur,
1516 2710 1573 2770 sed
1596 2714 1707 2786 poeta,
1733 2711 1786 2772 cui
1807 2723 1864 2769 non

650 2821 900 2883 demonstrandi
928 2821 987 2881 sed
1016 2819 1147 2881 iocandi
1174 2826 1210 2881 et
1238 2821 1474 2898 aliquantisper
1496 2837 1649 2884 curarum
1671 2823 1863 2896 quotidiana·

651 2951 724 2996 rum
755 2935 970 2995 obliviscendi
1002 2937 1056 2995 est
1083 2934 1246 2995 studium.
1277 2935 1415 2996 Ridetur
1442 2935 1475 2996 in
1499 2935 1625 3012 pulpito
1648 2936 1784 3008 comico,
1807 2949 1865 2994 non

651 3049 797 3125 docetur,
828 3062 934 3122 neque
962 3051 1039 3125 post
1067 3047 1200 3109 tabulae
1223 3045 1322 3109 finem
1346 3050 1513 3125 spectator
1534 3049 1638 3124 ullus,
1662 3049 1864 3124 quiquidem

650 3160 779 3222 sobriae
810 3162 856 3221 sit
881 3160 1022 3237 mentis,
1046 3160 1178 3236 rogabit
1201 3176 1301 3236 quam
1325 3165 1450 3222 sortem
1474 3161 1594 3222 civitas
1617 3161 1763 3223 aetheria
1785 3161 1865 3222 hahi-

650 3278 726 3337 tura
755 3275 863 3336 fuerit.
894 3275 1005 3336 Ludus
1035 3278 1087 3336 est
1118 3274 1266 3336 urbanus
1287 3277 1322 3335 et
1343 3275 1582 3336 festivissimus
1604 3277 1750 3351 artisque
1772 3274 1866 3336 variis
1947 3317 1948 3354 ss

651 3389 747 3451 donis
786 3391 942 3450 omatus:
977 3419 1021 3430 -
1055 3388 1114 3449 sed
1152 3389 1201 3449 ita
1238 3388 1339 3449 iocari
1377 3389 1617 3465 Aristophanes
1650 3393 1727 3450 ante
1759 3389 1864 3449 decem
1947 3431 1948 3474 p

652 3517 756 3563 annos
778 3502 819 3562 de
841 3501 942 3562 rebus
963 3500 1027 3561 sihi
1050 3502 1129 3562 tunc
1152 3502 1257 3562 sacris
1280 3516 1345 3562 non
1368 3501 1543 3577 potuisset.
1577 3501 1671 3563 Nunc
1697 3500 1792 3576 ionga
1810 3513 1867 3574 spe

652 3616 800 3677 deiectus
830 3615 1002 3676 hominum
1034 3615 1236 3690 deorumque
1266 3617 1454 3676 contemtor
1483 3616 1600 3676 evasit.
1626 3615 1800 3690 Diagoram
1821 3613 1866 3674 eie
1947 3605 1948 3610 ’

652 3730 762 3790 ierunt
792 3727 832 3788 ah
865 3728 983 3788 amicis
1009 3729 1185 3804 deceptum
1209 3742 1285 3789 cum
1310 3728 1482 3790 hominum
1504 3727 1568 3789 tide
1586 3729 1693 3805 ipsam
1717 3729 1865 3805 pietatem

653 3841 825 3902 abiecisse.

697 4070 786 4131 hves
813 4067 926 4129 iahula
948 4084 1066 4129 mense
1088 4069 1208 4130 Martio
1232 4070 1310 4130 anni
1334 4071 1399 4130 414
1424 4069 1551 4145 Magnis
1573 4068 1777 4132 Liberalibus
1797 4069 1866 4129 data

654 4187 705 4245 est
738 4181 873 4244 nomine
908 4181 1101 4243 callistrati.
1132 4182 1279 4242 Primum
1309 4183 1495 4256 praemium
1525 4181 1602 4242 tulit
1635 4182 1864 4246 comissatores

653 4296 822 4370 Amipsiae
852 4294 978 4370 fabula,
1009 4295 1192 4356 secundum
1216 4297 1321 4370 hves,
1352 4295 1489 4355 tertium
1513 4295 1691 4368 Phrynichi
1714 4297 1864 4358 Monotro·

654 4423 733 4484 pus;
775 4408 811 4467 in
852 4422 918 4481 qua
951 4407 1063 4469 tabula
1100 4409 1226 4484 primae
1261 4410 1372 4484 partes
1406 4411 1499 4470 erant
1534 4409 1672 4470 alterius
1705 4409 1864 4471 cuiusdam

654 4521 802 4582 'timonis
824 4520 978 4581 homines
999 4521 1107 4597 perosi
1134 4524 1168 4582 et
1191 4523 1347 4583 aversati.
1371 4521 1529 4596 cognatis
1550 4522 1654 4597 igitur
1675 4521 1868 4599 argumentis

653 4635 707 4695 usi
736 4637 815 4696 sunt
841 4634 1049 4708 Phrynichus
1072 4637 1106 4695 et
1128 4636 1381 4712 Aristophanes,
1404 4636 1463 4697 sed
1486 4635 1520 4697 in
1543 4638 1685 4699 materia
1707 4635 1868 4701 tractanda
1947 4685 1948 4744 1

654 4748 739 4809 alter
760 4748 801 4809 ah
824 4749 930 4809 altero
953 4762 1052 4822 quam
1074 4749 1224 4810 maxime
1245 4749 1396 4811 diversus
1417 4750 1491 4812 tuit.

700 4863 790 4940 Quae
824 4864 976 4924 maxima
1006 4863 1103 4924 laude
1133 4865 1232 4940 digna
1261 4868 1342 4926 tunc
1373 4865 1446 4926 visa
1473 4867 1525 4927 eet
1555 4865 1668 4925 tabula
1694 4866 1865 4942 hmipeiae,
1947 4905 1948 4958 ἒ

656 4976 747 5037 nullo
777 4977 919 5052 vestigio
950 4978 1065 5038 relicto
1095 4979 1239 5040 interiit:
1270 4979 1505 5055 Aristophanis
1535 4994 1632 5056 opus,
1659 4981 1745 5056 quod
1767 4993 1864 5042 secun
