4375 6284
731 967 810 1012 vrrs
833 967 873 1012 nn
896 963 1066 1012 ennarrans.
1469 951 1511 1010 85

307 1138 401 1212 ltaque
434 1138 598 1200 sacerdoti
633 1138 786 1214 prudenti
820 1137 905 1198 haud
939 1135 1001 1196 luit
1032 1134 1173 1196 arduum
1204 1148 1321 1195 cavere
1353 1149 1393 1194 ne
1426 1135 1517 1196 cives

308 1261 386 1308 acca
404 1251 529 1327 pietate
551 1250 678 1327 abrepti
701 1251 883 1313 inciderent
901 1250 934 1311 in
954 1250 1098 1325 priscam
1118 1246 1209 1308 illam
1230 1249 1517 1325 superstitionem,

306 1377 358 1434 qua
372 1362 502 1424 macula
512 1365 626 1425 orbem
638 1364 735 1426 lunae
747 1365 927 1426 obscurans
939 1362 1132 1424 credebatur
1145 1360 1347 1422 calamitatis
1358 1363 1517 1423 instantis

306 1490 365 1536 esse
381 1477 507 1538 umbra.
523 1478 729 1538 -Stilbides
747 1479 875 1539 utinam
896 1476 997 1538 etiam
1017 1475 1332 1550 luissetsuperstesl
1359 1473 1516 1536 Militibus

304 1588 565 1665 despondentibus
587 1592 684 1653 laclle
706 1592 927 1669 persuasisset
950 1590 1055 1651 lucem
1077 1587 1196 1648 salutis
1215 1603 1382 1661 nunquam
1403 1588 1514 1649 obscu-

302 1702 357 1762 rari
377 1703 416 1766 lis
440 1705 496 1780 qui
519 1709 654 1768 strenue
677 1719 751 1766 eam
775 1707 942 1780 appetant.

339 1817 572 1895 Aristophanes
594 1835 668 1880 cum
693 1819 821 1880 audiret
844 1832 941 1892 quem
965 1818 1054 1878 vitae
1071 1814 1172 1877 linem
1192 1815 1387 1878 habuissent
1404 1819 1514 1893 copiae

301 1929 411 2008 Niciae,
449 1931 560 1992 Niciae
590 1932 693 2008 illius,
726 1946 823 2007 quem
855 1931 1061 1992 Athenarum
1097 1930 1331 2006 sospitatorem
1366 1930 1514 1992 futurum

302 2043 462 2118 aliquando
480 2045 589 2106 iuerat
607 2027 764 2122 conlisus,
784 2044 943 2121 puduitne
962 2045 1123 2120 iocorum,
1142 2042 1260 2117 quibus
1278 2042 1408 2103 inutilia
1427 2044 1513 2106 vide·

299 2155 365 2218 licet
392 2159 504 2221 studia
534 2159 778 2235 astrologorum
802 2158 902 2219 etlam
930 2158 1081 2233 proximo
1105 2171 1192 2218 anno
1215 2156 1402 2231 petiverat?
1425 2157 1515 2220 Tunc

300 2271 376 2332 enlm
402 2273 437 2334 in
469 2271 597 2334 Avibus
623 2275 775 2349 proterve
798 2272 917 2332 riserat
938 2271 1101 2331 Melonem
1127 2271 1234 2331 virum
1260 2271 1514 2344 sagacissimum

299 2387 327 2443 et
350 2385 627 2462 eruditissimum,
651 2385 849 2460 astrologiae
872 2385 1071 2460 geometriae
1093 2384 1333 2446 architecturae
1355 2385 1513 2462 peritum,

298 2496 342 2556 cui
362 2499 515 2560 Athenae
537 2497 700 2561 debebant
722 2513 844 2560 novum
869 2498 1130 2572 aquaeductum
1150 2499 1183 2558 et
1203 2496 1412 2558 emendatam
1433 2501 1514 2559 tem·

301 2611 382 2683 poris
411 2611 626 2687 computandi
648 2612 821 2673 rationem.
845 2611 907 2672 Hic
930 2612 981 2671 vir
1004 2625 1079 2672 eum
1103 2609 1230 2671 Alitum
1256 2609 1377 2671 viseret
1398 2612 1512 2672 urbem

297 2722 484 2800 sublimem,
510 2725 624 2801 flagris
646 2725 762 2802 pulsus
784 2725 870 2786 altos
895 2725 1073 2786 cachinnos
1097 2723 1237 2801 siverat,
1261 2727 1375 2798 utpote
1397 2740 1518 2788 vesane

298 2835 419 2915 doctus,
452 2838 588 2899 orbibus
617 2840 788 2912 quadratis
818 2840 851 2899 et
872 2839 973 2899 rectis
997 2837 1138 2898 arcubus
1161 2837 1363 2898 delineandls
1386 2840 1518 2914 tempus

294 2949 398 3025 inepte
428 2955 554 3014 terens.
585 2953 711 3028 Nempe
733 2951 935 3027 geometriae
959 2953 993 3012 et
1014 2951 1265 3011 stereometriae
1289 2965 1410 3012 arcana
1433 2951 1516 3012 nihil

294 3061 409 3125 habent
432 3065 520 3140 quod
542 3065 709 3142 popellum
734 3065 895 3126 incultum
920 3063 973 3126 vel
995 3065 1110 3140 poetas
1134 3062 1274 3123 alliciat!
1295 3063 1411 3137 Itaque
1430 3065 1517 3126 viros

295 3175 401 3238 doctos
431 3179 578 3239 aversati
605 3181 685 3239 sunt
708 3179 798 3240 cives
820 3178 1088 3240 Nubilocuculiae
1095 3221 1191 3254 .....
1215 3176 1272 3238 sed
1296 3193 1405 3238 rerum
1429 3179 1515 3254 igno·

293 3291 371 3350 ratio
412 3295 449 3352 et
490 3291 684 3368 superstitio
721 3307 877 3367 quorsum
912 3291 1069 3352 ducerent
1104 3290 1277 3366 mortales,
1314 3291 1381 3351 iam
1416 3292 1517 3353 nimis

293 3401 369 3463 eheu
392 3408 509 3481 aperte
533 3406 689 3468 docuerat
710 3406 899 3481 tragoediae
921 3405 1051 3466 Siculae
1073 3405 1185 3466 exitus
1207 3402 1389 3466 horrificus.

330 3626 374 3689 Ut
405 3631 442 3692 in
475 3631 621 3709 Oriente,
657 3632 707 3694 sic
739 3633 773 3693 in
805 3631 980 3694 Occidente
1014 3633 1193 3693 imminuta
1223 3633 1388 3708 potestate
1418 3634 1517 3694 Athe·

290 3741 455 3804 niensium
483 3745 589 3806 crevit
618 3759 671 3806 res
701 3745 926 3808 barbarorum.
951 3746 1083 3822 Optimo
1108 3745 1240 3819 quidem
1262 3747 1333 3807 iure
1356 3746 1523 3831 Periclem

289 3853 363 3916 olim
401 3857 498 3918 cives
532 3858 761 3935 adhortatum,
793 3875 897 3920 novas
927 3874 980 3919 res
1011 3875 1052 3920 ne
1083 3859 1176 3936 prius
1198 3859 1394 3920 molirentur
1417 3875 1517 3934 quam

290 3965 402 4042 Sparta
430 3972 523 4032 esset
553 3970 729 4048 debellata,
762 3973 901 4034 docuere
932 3971 1075 4049 Cleonis,
1113 3971 1305 4049 Hyperboli,
1339 3973 1518 4034 Alcibiadis

289 4081 426 4158 denique
459 4086 571 4146 studia
601 4085 641 4146 ad
672 4084 806 4146 irritum
837 4086 984 4161 redacta;
1015 4088 1072 4148 sed
1097 4103 1161 4148 non
1186 4087 1320 4148 omnino
1344 4087 1519 4147 temeraria

287 4193 415 4258 luerent
439 4198 561 4259 horum
578 4199 724 4260 virorum
749 4200 894 4261 consilia.
919 4201 979 4276 Qui
1002 4200 1102 4277 probe
1121 4203 1360 4278 perspexerant
1381 4200 1522 4262 Graecos

289 4307 346 4368 nisi
368 4311 488 4371 unitos
510 4327 530 4372 a
553 4312 708 4386 gentibus
731 4315 855 4375 exteris
876 4317 968 4376 tutos
992 4329 1057 4376 non
1081 4315 1164 4392 lore,
1191 4330 1251 4375 nec
1275 4315 1341 4375 nisi
1362 4315 1396 4374 in
1420 4314 1517 4375 Athe-

287 4435 402 4484 narum
445 4423 584 4485 civitate
613 4427 805 4502 peregrinae
836 4429 993 4490 audaciae
1023 4428 1205 4489 obsistendi
1230 4443 1303 4488 esse
1325 4443 1438 4503 spem;
1464 4433 1522 4490 aut

287 4536 436 4599 Athenas
461 4538 586 4600 liberae
610 4539 765 4602 Graeciae
789 4546 888 4618 caput
911 4543 1053 4619 loturae,
1078 4545 1138 4603 aut
1160 4541 1273 4604 fictam
1299 4546 1333 4602 et
1356 4557 1518 4603 commen«

287 4651 397 4712 liciam
422 4652 498 4714 lore
521 4653 637 4714 Graeci
661 4654 806 4715 nominis
828 4654 921 4716 illam
940 4655 1139 4718 libertatem.
1162 4655 1248 4732 Quos
1267 4659 1355 4717 recte
1376 4657 1521 4717 sensisse

288 4777 360 4826 mox
401 4768 557 4831 ostendit
591 4783 702 4829 rerum
737 4770 770 4828 in
805 4769 917 4830 Sicilia
950 4771 1126 4845 decursus3
1162 4785 1226 4831 non
1262 4771 1350 4831 enirn
1387 4768 1521 4831 Graecis

287 4886 381 4949 huius
401 4886 537 4948 insulae
556 4886 747 4947 civitatibus
763 4886 885 4963 proluit
907 4887 1161 4947 Atheniensium
1181 4885 1305 4960 clades,
1320 4884 1376 4944 sed
1391 4884 1520 4944 Poenis.

287 4999 431 5075 Quatuor
456 5002 553 5061 annis
572 5004 648 5076 post
670 4999 782 5063 Niciae
806 5001 943 5076 eiusque
966 5001 1135 5077 copiarum
1159 4999 1331 5060 interitum
1355 4997 1518 5072 carthago
