4375 6284
637 929 681 988 44
1156 946 1199 990 nr
1221 945 1346 993 romu

638 1114 747 1189 posui,
782 1113 941 1178 benevole
976 1120 1029 1178 est
1063 1121 1211 1193 accepta,
1247 1119 1374 1178 certam
1408 1118 1494 1194 apud
1528 1121 1734 1193 spectatores
1762 1117 1851 1177 Athe·

639 1228 771 1288 nienses
801 1228 943 1302 gratiam
976 1229 1060 1290 mihi
1090 1235 1181 1292 stare
1213 1233 1304 1291 scio”
1328 1230 1359 1300 ¹).
1390 1231 1474 1292 Nam
1500 1233 1556 1306 qui
1578 1246 1666 1292 anno
1689 1231 1752 1292 421
1778 1243 1853 1289 com·

639 1341 768 1414 pertum
799 1341 936 1403 haberet
966 1345 1073 1404 artem
1098 1358 1195 1404 suam
1219 1344 1347 1405 civibus
1369 1344 1514 1426 placere,
1537 1345 1651 1420 quidni
1673 1344 1730 1405 illo
1750 1344 1855 1404 lavoro

638 1453 781 1516 confisus
810 1459 963 1531 proximo
993 1460 1112 1520 statim
1140 1475 1226 1521 anno
1250 1460 1453 1535 Babylonios
1476 1459 1623 1522 tabulam
1647 1473 1710 1519 suo
1731 1456 1857 1517 nomine

639 1568 848 1642 magistratui
873 1571 992 1632 obtulit
1015 1575 1049 1633 et
1071 1588 1160 1634 anno
1183 1573 1249 1633 425
1273 1573 1527 1635 Acharnenses.
1542 1619 1549 1634 .
1563 1618 1571 1634 .
1584 1574 1614 1634 si
1636 1569 1718 1632 nihil
1737 1572 1858 1646 praeter
1953 1582 1958 1591 ·

638 1667 795 1756 pudorem
817 1683 998 1746 luvenilem
1023 1701 1099 1748 eum
1124 1690 1221 1748 antea
1244 1687 1448 1748 retinuerat?

684 1795 746 1856 Sed
770 1795 914 1858 multum
938 1798 1032 1860 abest
1056 1802 1093 1860 ut
1116 1814 1330 1874 quaecunque
1353 1800 1419 1861 huc
1440 1801 1607 1877 pertinent
1630 1799 1731 1876 probe
1749 1797 1858 1859 habea·

639 1924 716 1970 mus
746 1911 886 1986 cognita.
917 1912 953 1973 Id
984 1912 1120 1986 quidem
1151 1915 1294 1989 certum,
1327 1929 1392 1974 non
1423 1913 1464 1973 ab
1495 1912 1647 1974 heliastis
1670 1914 1858 1973 damnatum

639 2037 713 2083 esse
744 2023 999 2099 Aristophanem
1030 2028 1164 2102 propter
1193 2027 1246 2087 ius
1274 2027 1422 2088 civitatis
1444 2026 1573 2101 legibus
1597 2027 1715 2086 invitis
1736 2024 1859 2084 affecta·

639 2139 731 2196 tum:
767 2137 861 2198 cuius
892 2138 1001 2198 delicti
1038 2140 1173 2200 nomine
1203 2140 1259 2214 qui
1289 2138 1544 2215 damnabantur,
1576 2138 1667 2200 servi
1689 2137 1813 2199 flebant
1831 2138 1862 2194 et

640 2248 767 2324 publice
793 2250 1089 2314 venumdabantur.
1120 2252 1192 2312 Non
1215 2252 1305 2312 enim
1328 2252 1362 2312 in
1384 2252 1515 2313 iudiciis
1537 2252 1799 2313 Atheniensibus
1818 2249 1862 2307 sic

639 2361 812 2423 ludebatur
843 2367 880 2424 ut
903 2379 920 2424 e
942 2362 1066 2425 fabella
1093 2364 1181 2425 haud
1203 2364 1350 2441 illepide,
1376 2379 1475 2439 quam
1498 2367 1647 2426 servavit
1670 2365 1864 2440 biographus

640 2475 855 2550 undecunque
887 2481 1072 2555 acceptam,
1105 2478 1251 2539 effecerit
1279 2479 1445 2553 quispiam
1476 2479 1544 2540 nisi
1565 2479 1705 2540 meliora
1726 2480 1773 2538 sit
1796 2478 1853 2538 edo

640 2591 732 2649 ctus:
766 2590 1040 2666 Aristophanem,
1072 2607 1148 2653 cum
1180 2606 1258 2653 reus
1287 2593 1452 2667 ageretur,
1475 2593 1631 2652 attulisse
1654 2591 1756 2652 verba
1777 2590 1862 2651 'rete

641 2702 764 2778 machi,
790 2702 942 2764 Ulixisne
965 2707 1056 2764 esset
1078 2702 1167 2764 illius
1190 2705 1322 2779 roganti
1345 2704 1469 2779 hospiti
1492 2705 1541 2765 sic
1563 2705 1812 2780 respondentis:

798 2814 914 2893 ,Certe
939 2817 1001 2878 hoc
1024 2832 1077 2878 ms
1100 2818 1252 2892 genitum
1277 2820 1385 2879 mater
1408 2819 1571 2891 testatum
1594 2821 1631 2877 at
1653 2818 1724 2894 ipse

798 2931 951 3007 ,Ignoro,
977 2945 1039 2992 sua
1062 2947 1140 2992 nam
1165 2931 1248 2991 nulli
1271 2931 1355 2991 bene
1378 2931 1512 3006 cognita
1535 2931 1661 3006 origo.”

686 3041 877 3106 cuiusmodi
908 3044 989 3104 nihil
1019 3058 1132 3105 coram
1164 3043 1329 3104 iudicibus
1359 3043 1483 3104 dictum
1510 3059 1584 3105 esse
1608 3047 1698 3105 certo
1721 3044 1866 3113 constat,

642 3156 800 3230 quoniam
830 3158 970 3218 minime
1001 3159 1146 3219 ioculare
1176 3159 1248 3219 erat
1276 3157 1375 3230 ξενίας
1405 3157 1486 3218 illud
1509 3158 1633 3218 crimen
1656 3172 1763 3232 neque
1785 3159 1866 3218 rece

641 3271 698 3330 tiis
728 3271 787 3331 ssd
817 3273 1024 3345 argumentis
1047 3271 1226 3345 allatisque
1248 3270 1392 3332 testibus
1413 3271 1646 3348 refellendum,
1670 3285 1777 3344 neque
1801 3267 1870 3345 quir

641 3384 700 3444 sed
722 3385 811 3446 cuiae
832 3386 929 3460 pater
951 3388 1067 3460 poetae
1089 3384 1210 3445 fuisset
1232 3383 1462 3458 quaerebatur.
1486 3384 1548 3444 Sed
1572 3384 1695 3445 crimen
1720 3385 1761 3443 ad
1779 3397 1869 3445 sena·

642 3500 713 3558 tum
738 3531 780 3541 —
805 3513 870 3560 non
894 3498 984 3558 enim
1009 3499 1049 3558 ad
1074 3497 1200 3558 iudices
1225 3531 1266 3542 -
1291 3514 1311 3558 a
1334 3495 1454 3558 cleone
1477 3498 1621 3559 huiusve
1643 3498 1763 3559 amicis
1786 3497 1868 3558 dela·

642 3614 715 3671 tum
743 3612 807 3672 huc
830 3611 961 3672 videtur
984 3611 1123 3673 rediisse
1145 3613 1183 3672 ut
1203 3615 1329 3707 poeta,
1342 3626 1419 3672 cum
1442 3626 1484 3672 ax
1506 3627 1546 3672 eo
1568 3616 1785 3686 quaereretur
1807 3623 1869 3686 quo

642 3725 778 3786 tandem
807 3725 879 3785 iure
910 3725 1033 3799 virum,
1067 3725 1123 3800 qui
1153 3740 1322 3788 summam
1346 3726 1380 3785 in
1404 3724 1596 3800 republica
1616 3728 1762 3800 teneret,
1786 3723 1872 3785 ludis

643 3838 783 3914 publicis
814 3840 883 3898 tam
916 3840 1069 3913 proterve
1099 3839 1284 3900 insectatus
1315 3841 1419 3914 esset,
1451 3853 1517 3898 non
1546 3839 1690 3912 potuerit
1719 3839 1871 3900 evincere

643 3952 768 4026 optimo
798 3952 868 4011 iure
899 3966 935 4011 se
969 3951 1001 4011 id
1036 3951 1172 4026 recisse,
1204 3951 1237 4012 id
1267 3955 1384 4012 tamen
1414 3952 1617 4026 persuaserit
1645 3953 1871 4024 senatoribus,

644 4081 708 4126 non
732 4067 895 4126 scientem
918 4080 955 4126 se
978 4080 1146 4141 peccasse.

690 4178 847 4254 Quicquid
877 4179 910 4238 id
941 4182 1008 4255 est,
1040 4181 1115 4254 post
1145 4178 1279 4253 Equites
1305 4177 1452 4240 rabulam
1477 4178 1512 4238 in
1536 4179 1720 4239 certamine
1743 4179 1875 4253 publico

644 4295 828 4367 spectatam
852 4294 887 4352 et
910 4291 1079 4353 laudatam
1105 4289 1204 4352 (ileon
1228 4291 1340 4364 aliqua
1361 4291 1491 4352 ratione
1513 4290 1622 4351 effecit
1646 4295 1685 4351 ut
1703 4291 1878 4352 cavillator

645 4406 700 4466 ille
723 4404 877 4482 petulans
900 4409 934 4466 et
956 4404 1298 4465 maledicentissimus
1316 4403 1478 4466 effrenem
1498 4404 1666 4464 cohiberet
1684 4404 1875 4476 audaciam,

646 4519 831 4580 cavendum
867 4517 931 4578 sibl
964 4517 1177 4592 intellegens.
1211 4516 1287 4592 Ipse
1318 4521 1417 4593 poeta
1447 4519 1496 4578 rei
1525 4518 1642 4590 iestis3
1672 4517 1729 4591 qui
1759 4515 1877 4592 paucis

646 4633 743 4693 annis
766 4635 841 4708 post
864 4630 946 4692 haec
968 4631 1118 4706 scripsit:
1144 4630 1270 4707 ,Fuere
1290 4631 1346 4706 qui
1365 4645 1385 4691 a
1407 4628 1527 4692 cleone
1546 4631 1710 4691 domitum
1730 4645 1787 4691 me
1806 4645 1876 4706 per·

647 4747 817 4820 biberent;
841 4760 960 4820 nempe
980 4744 1158 4806 calumniis
1179 4759 1235 4806 me
1257 4745 1446 4820 opprimere
1465 4758 1543 4805 cum
1564 4744 1620 4805 ille
1643 4747 1787 4805 conatus
1808 4747 1877 4816 est,

683 4993 701 5058 ι)
720 4995 750 5042 In
767 4995 881 5042 lisbium
899 4993 1013 5041 editione
1031 4996 1181 5048 retraetata,
1200 5006 1237 5040 vs.
1255 4993 1400 5040 bib—588.
