4375 6284
751 979 891 1024 urrann
914 977 1082 1024 ornamus.
1469 959 1529 1021 157

320 1153 466 1229 quaestio,
489 1168 547 1214 cur
570 1153 711 1229 improbi
733 1152 886 1214 homines
904 1152 1003 1214 multi
1022 1152 1091 1214 sint
1110 1151 1238 1229 felices,
1258 1150 1406 1212 infelices
1425 1150 1537 1210 autem

321 1264 401 1338 probi
419 1266 528 1328 multi.
547 1267 586 1328 ln
605 1267 747 1328 Hercule
767 1266 918 1328 dramate
936 1267 996 1328 ires
1012 1267 1224 1342 quaestiones
1236 1266 1343 1328 movit
1354 1264 1537 1344 Euripides,

322 1377 486 1453 Sophocles
527 1381 612 1454 quod
655 1382 696 1442 ad
730 1396 788 1442 eas
822 1381 1038 1460 responderet
1071 1381 1234 1457 quaesivit
1269 1395 1344 1442 cum
1381 1379 1540 1454 Oedipum

321 1507 423 1566 regem
454 1495 591 1573 faceret,
627 1495 864 1569 quaesiverunt
892 1494 1035 1556 Iudaeus
1064 1497 1164 1570 poeta
1189 1493 1287 1556 Hiobi
1318 1497 1477 1557 carminis
1507 1504 1542 1564 et

320 1605 454 1682 theologi
487 1607 682 1686 Christiani,
718 1610 752 1670 et
786 1609 922 1670 omnino
956 1609 1021 1670 fert
1052 1611 1173 1670 natura
1203 1609 1376 1671 hominum
1407 1612 1445 1670 ut
1475 1624 1540 1670 non

320 1721 440 1793 possint
466 1737 534 1784 non
556 1737 673 1801 rogare
696 1737 760 1798 quo
783 1721 921 1784 consilio
944 1737 1010 1796 qua
1031 1724 1160 1784 ratione
1183 1723 1265 1786 irasc
1288 1724 1359 1784 vita
1381 1723 1428 1783 sit
1449 1723 1541 1784 insti.

320 1840 399 1914 tuta,
423 1851 529 1912 quove
551 1836 678 1899 tendat.
699 1835 782 1913 Quid
801 1836 925 1897 mirum
948 1835 1051 1911 igitur
1071 1837 1156 1910 quod
1177 1838 1281 1898 etiam
1301 1837 1406 1898 menti
1424 1839 1543 1912 poetae

321 1954 430 2015 comici
452 1952 516 2014 hae
537 1952 751 2026 quaestiones
772 1953 853 2011 sunt
875 1949 1085 2028 obversatus,
1111 1951 1145 2011 in
1169 1950 1325 2027 maribus
1348 1951 1544 2027 praesertim

320 2068 437 2141 patriae
456 2066 637 2128 aerumnis.
656 2065 698 2126 iit
715 2080 773 2140 pro
792 2079 953 2141 generosa
974 2065 1084 2128 indole
1106 2066 1193 2141 quod
1217 2065 1365 2142 diligenti
1389 2081 1468 2128 cura
1487 2080 1543 2126 eas

320 2181 495 2257 perpendit,
526 2180 600 2254 quis
627 2178 808 2256 improbeti
841 2179 905 2240 Sed
931 2178 1168 2240 malefactum
1192 2180 1277 2254 quod
1300 2179 1333 2240 in
1357 2179 1441 2241 artis
1463 2195 1544 2242 sues

320 2309 452 2369 regnum
485 2309 544 2355 eas
576 2291 760 2354 transtulit.
791 2292 876 2353 Nam
907 2307 927 2353 a
956 2307 1055 2354 musa
1084 2292 1221 2354 ioculari
1251 2308 1387 2370 prorsus
1416 2293 1544 2355 alienae

322 2411 394 2470 sunt
426 2405 669 2486 disputationes
703 2407 743 2468 de
777 2404 876 2467 rebus
910 2407 1014 2484 hisce,
1049 2422 1134 2482 quae
1168 2407 1264 2483 longe
1298 2407 1440 2469 maximi
1467 2412 1546 2470 sunt

322 2523 477 2583 momenti
513 2524 612 2597 utque
647 2522 688 2582 ad
722 2521 811 2583 imas
844 2522 948 2583 animi
976 2523 1114 2584 humani
1144 2522 1271 2584 radices
1301 2523 1476 2598 pertinent.
1508 2523 1545 2583 In

322 2635 486 2698 comoedia
516 2651 575 2697 eae
610 2635 713 2698 nihilo
748 2637 859 2697 minus
889 2635 1051 2699 molestae
1080 2639 1160 2699 sunt
1189 2651 1288 2711 quam
1320 2637 1353 2698 in
1377 2637 1547 2713 tragoedis

321 2752 412 2811 erant
432 2749 597 2824 Euripidis
614 2749 915 2827 philosophemata,
935 2752 969 2812 et
986 2751 1090 2812 miros
1108 2765 1170 2813 noe
1188 2750 1290 2812 hebet
1306 2750 1547 2828 Aristophanes

321 2862 386 2940 ille,
408 2864 466 2938 qui
488 2863 678 2938 Euripidem
702 2863 743 2925 ob
766 2863 963 2940 sapientiam
987 2865 1226 2940 intempestive
1249 2863 1431 2926 adhibitam
1450 2879 1548 2942 seepe

321 2976 432 3055 irrisit,
464 2979 643 3055 postquam
674 2977 714 3039 ad
745 2981 951 3040 senectutem
975 2978 1127 3054 peruenit
1149 2978 1220 3055 ipse
1243 2981 1339 3040 extra
1361 2980 1444 3041 artis
1468 2993 1548 3040 suae

322 3087 400 3152 lines
417 3091 588 3154 aberrans.
607 3091 701 3154 Nunc
715 3106 844 3166 quoque
859 3092 958 3167 poeta
975 3091 1123 3153 comicus
1134 3093 1280 3154 ostendit
1291 3093 1433 3156 indolem
1446 3093 1546 3155 indoli

321 3205 433 3280 tragici
455 3203 563 3266 multo
586 3205 782 3267 similiorem
805 3219 904 3280 quam
928 3207 989 3266 aut
1010 3205 1095 3266 sciat
1118 3205 1188 3281 ipse
1211 3207 1270 3267 eut
1291 3207 1368 3268 sciri
1391 3205 1484 3269 velit.

364 3433 473 3495 iitiam
497 3432 650 3494 Socrates
671 3430 712 3492 ad
735 3431 818 3492 duas
840 3430 917 3492 illas
939 3431 1151 3504 quaestiones
1173 3432 1358 3510 respondit,
1381 3434 1550 3510 respondit

323 3549 431 3608 autem
453 3545 487 3606 id
510 3544 596 3619 quod
619 3545 653 3606 in
677 3543 783 3605 ultera
800 3542 978 3619 rogabatur
996 3544 1196 3621 denegando.
1216 3545 1338 3607 Verum
1358 3561 1422 3608 nou
1442 3549 1547 3610 est-

323 3661 370 3721 eit
398 3694 440 3705 -
468 3658 638 3735 improbos
659 3657 786 3720 multos
809 3672 883 3719 esse
905 3657 1031 3735 felices,
1055 3657 1204 3720 infelices
1228 3673 1301 3721 esee
1324 3659 1459 3736 probos;
1483 3676 1547 3722 non

324 3777 374 3835 est
407 3788 540 3849 verum,
576 3771 652 3846 quia
685 3771 756 3833 lieri
790 3771 903 3844 nequit
937 3774 975 3832 ut
1008 3771 1054 3832 sit
1087 3786 1215 3834 verum.
1246 3773 1358 3848 Neque
1386 3774 1476 3836 euim
1507 3775 1549 3835 ad

324 3886 568 3964 improbitatem
598 3885 743 3962 pertinet
766 3885 921 3964 felicitas,
944 3901 1051 3962 neque
1072 3886 1198 3949 malum
1223 3888 1263 3948 ud
1287 3889 1455 3950 virtutem.
1479 3890 1549 3951 Non

325 4005 418 4063 extra
435 4002 589 4064 homines
606 3999 749 4062 felicitas
768 3999 889 4062 alicubi
907 4004 1070 4077 versatur,
1090 4001 1145 4062 ubi
1164 4002 1302 4079 captori,
1314 4003 1402 4065 unde
1413 4003 1549 4065 domum

324 4115 442 4178 deferri
475 4115 597 4191 possit,
630 4114 687 4176 sed
718 4115 752 4175 in
781 4115 853 4190 ipso
884 4129 998 4176 eorum
1030 4115 1141 4176 animo
1171 4114 1301 4177 habitat
1329 4103 1390 4178 nec
1419 4117 1482 4178 nisi
1510 4118 1550 4178 ad

324 4229 482 4292 tonorum
513 4229 664 4290 animum
695 4229 725 4290 ei
748 4228 983 4304 patetaditus.
1006 4229 1032 4289 ll
1053 4242 1164 4290 rerum
1188 4229 1400 4290 fortuitarum
1423 4229 1551 4291 nebulis

324 4343 525 4406 undantibus
559 4342 740 4419 percipitur
773 4357 840 4404 vox
870 4343 1017 4404 sirenum
1050 4341 1128 4419 „ubi
1157 4342 1228 4418 ipse
1259 4357 1325 4404 non
1354 4357 1405 4421 es,
1434 4347 1486 4405 est
1508 4344 1552 4405 ibi

324 4457 486 4520 felicitas”
506 4454 741 4532 clementium3
762 4455 884 4532 quibus
904 4457 959 4532 qui
979 4471 1094 4518 aurem
1115 4453 1262 4532 praebet,
1283 4454 1412 4518 aberrat
1431 4457 1466 4518 in
1480 4458 1553 4520 loca

326 4575 413 4650 avia,
447 4573 505 4634 ubi
535 4569 624 4632 firmi
653 4572 777 4633 certius
807 4571 903 4648 nihil,
936 4570 1019 4633 nihil
1054 4572 1149 4632 extat
1184 4573 1348 4647 manetes,
1380 4574 1553 4633 mutantur

325 4688 436 4749 omnia
458 4689 493 4749 et
516 4688 666 4762 pereunt.
690 4685 752 4747 Sed
776 4685 810 4746 in
833 4688 892 4746 tuo
914 4685 1020 4760 ipsius
1042 4687 1174 4760 pectore
1197 4683 1391 4746 felicitatem
1415 4699 1554 4759 quaeras

326 4803 468 4879 oportet,
492 4804 629 4862 strenuo
652 4797 763 4861 labore
781 4799 842 4861 tibi
859 4814 969 4876 pares,
990 4814 1048 4876 per
1069 4798 1171 4860 vitem
1193 4799 1399 4860 continenter
1418 4801 1453 4860 et
1470 4799 1551 4859 tem·

326 4918 477 4990 perantes
506 4915 715 4976 transactam
748 4913 817 4972 veri
839 4912 1017 4974 scientiam
1040 4913 1238 4988 appetendo,
1262 4915 1419 4974 externas
1442 4915 1553 4974 autem

327 5043 379 5090 res
408 5031 442 5091 et
470 5028 627 5090 fortunae
665 5027 736 5088 sire
771 5025 945 5088 commoda
977 5025 1050 5087 sive
1084 5025 1294 5087 incommoda
1327 5028 1553 5087 contemnens.
