4375 6284
656 943 699 1002 98
1174 957 1215 1002 nn
1239 957 1363 1002 norrun

655 1131 769 1188 turum
803 1127 1058 1189 Atheniensium
1101 1127 1204 1189 nihilo
1238 1129 1401 1188 minorem
1436 1142 1538 1202 quam
1571 1127 1871 1204 Peloponnesiorum

656 1256 731 1303 esse
761 1239 907 1318 eulpam,
931 1243 1123 1317 priusquam
1146 1242 1274 1304 dicendi
1295 1243 1420 1304 laceret
1443 1242 1575 1302 initium
1599 1242 1633 1302 in
1656 1242 1776 1304 ultimo
1798 1242 1871 1316 peri-

658 1354 731 1415 eulo
755 1389 796 1398 -
820 1370 899 1415 nam
922 1355 1059 1416 aderant
1082 1357 1208 1417 caudex
1232 1359 1266 1417 et
1288 1357 1431 1433 securis,
1455 1358 1489 1417 et
1511 1357 1546 1416 ni
1570 1357 1716 1418 vinceret
1738 1357 1874 1418 instabat

657 1485 748 1531 mors
779 1503 820 1512 —
851 1469 990 1544 supplex
1023 1469 1105 1530 adiit
1138 1469 1337 1544 Euripidem.
1372 1469 1573 1545 Requirebat
1606 1470 1757 1532 habitum
1786 1471 1873 1530 mise·

656 1583 810 1659 rabilem,
849 1598 912 1656 quo
951 1582 1098 1644 molliret
1137 1583 1341 1645 audientium
1380 1583 1546 1661 animum,
1582 1584 1611 1645 si
1645 1583 1732 1647 forte
1766 1597 1874 1660 parurn

656 1698 806 1760 valerent
835 1699 909 1760 eius
931 1697 1041 1760 verba.
1069 1697 1207 1773 Qualem
1239 1699 1374 1760 ubinam
1397 1699 1577 1774 inveniret,
1601 1698 1667 1760 nisi
1688 1699 1774 1759 forte
1797 1695 1874 1771 apud

656 1812 846 1887 Euripidem
875 1813 1025 1888 poetaml
1055 1812 1153 1874 Hune
1183 1812 1496 1874 certememinerat
1518 1811 1672 1874 inducere
1694 1812 1876 1873 mendicum

656 1927 821 2001 quendam
844 1926 929 1987 mire
952 1926 1107 1988 callidum
1131 1928 1165 1988 et
1187 1927 1316 1988 eunetis
1336 1926 1433 1987 facile
1456 1925 1724 2002 persuadentem.
1756 1926 1877 1987 Nomen

656 2041 803 2102 bominis
832 2055 899 2101 non
927 2041 995 2101 iam
1027 2041 1175 2117 tenebat,
1201 2055 1280 2101 nam
1304 2041 1362 2101 vix
1386 2042 1562 2115 quiequam
1585 2040 1791 2118 discriminis
1812 2043 1879 2100 erat

655 2157 742 2216 inter
764 2154 930 2231 Euripidis
950 2155 1027 2216 illos
1044 2156 1164 2216 heroas
1183 2171 1324 2230 egenos3
1348 2156 1407 2216 sed
1425 2156 1457 2217 id
1481 2155 1612 2231 quidem
1635 2157 1720 2216 satis
1739 2154 1877 2226 sciebat,
1972 2169 1973 2176 ¹

655 2271 763 2345 magis
781 2269 970 2344 squalidum
990 2269 1188 2331 nebulonem
1209 2285 1309 2344 quam
1329 2271 1424 2331 illum
1443 2286 1542 2345 quem
1554 2271 1688 2332 volebat
1702 2271 1735 2330 in
1749 2271 1878 2330 theatro

655 2384 786 2445 nullum
808 2383 1003 2458 adspectum
1026 2398 1101 2445 esse
1125 2399 1283 2459 unquam·

698 2498 861 2573 Euripidis
884 2498 985 2572 igitur
1007 2499 1143 2559 domum
1166 2497 1370 2574 Dicaeopolis
1392 2499 1492 2572 petit:

856 2638 969 2714 ,Nune
992 2653 1069 2712 ergo
1092 2651 1175 2713 opus
1198 2637 1279 2697 mihi
1303 2640 1414 2697 mente
1437 2637 1514 2698 lorii
1537 2639 1571 2697 et
1594 2640 1748 2714 strenua,

858 2751 1112 2828 ,Euripidesque
1135 2751 1203 2810 iam
1227 2751 1397 2824 petendus.
1424 2783 1464 2793 —
1489 2750 1581 2810 Heus
1603 2767 1695 2828 puer,

859 2868 981 2943 ,Puerl

1215 2993 1313 3040 runa.

998 3071 1077 3146 Quis
1100 3071 1189 3130 iste?

1151 3225 1372 3271 nrelrnoeenrs

1207 3324 1359 3400 intusne,
1384 3323 1450 3398 dic,
1474 3321 1669 3399 Euripides?

1216 3476 1311 3523 nune.

852 3578 967 3653 ,Intus
989 3591 1050 3637 nec
1072 3576 1164 3636 intus
1187 3575 1259 3651 ille,
1287 3610 1327 3620 -
1351 3577 1380 3636 si
1404 3579 1492 3638 reete
1515 3579 1616 3651 sapis.

1149 3730 1371 3775 nrcunoronrs.

850 3831 979 3907 ,Intus,
1005 3844 1065 3890 nec
1087 3830 1195 3906 intus,
1219 3830 1275 3904 qui
1298 3831 1432 3904 potest?

1211 3994 1308 4040 rnna.

1423 4069 1523 4145 Vere,
1548 4085 1671 4132 senex:

850 4185 963 4261 ,liens
986 4183 1064 4244 binc
1087 4184 1183 4245 abest
1206 4183 1352 4258 forisque
1367 4182 1557 4260 ¹versiculos
1580 4182 1677 4259 legit,

850 4299 914 4372 ,At
937 4299 1029 4358 intus
1052 4298 1123 4374 ipse
1146 4298 1180 4358 in
1204 4296 1340 4358 aedibus
1363 4297 1507 4358 summis
1530 4298 1630 4356 struit

850 4412 1080 4487 ,tragoedias

1147 4538 1369 4584 nreunoronrs.

1081 4639 1107 4700 Ο
1131 4641 1183 4700 ter
1204 4638 1300 4699 beate
1323 4637 1514 4717 Euripides,

850 4753 970 4829 ,Cuius
993 4753 1149 4813 minister
1171 4752 1288 4813 doctus
1311 4753 1429 4814 histrio
1453 4753 1596 4814 simull”

692 4905 754 4998 Sed
790 4907 926 4965 vocatus
960 4902 1130 4979 Euripides
1161 4919 1226 4964 uon
1260 4903 1445 4982 deseendit,
1480 4919 1545 4965 non
1580 4905 1670 4966 enim
1705 4915 1820 4972 vacat
1863 4915 1901 4974 in

646 5020 777 5082 aedium
816 5017 1040 5094 penetralibus
1077 5032 1202 5078 novum
1241 5018 1357 5078 drama
1395 5018 1594 5095 elaboranti;
1633 5019 1723 5082 ieras
1761 5027 1902 5092 tamen
