4375 6284
722 997 763 1040 nn
786 996 893 1041 nexru
915 995 1067 1043 susurro.
1439 985 1503 1045 853

215 1181 216 1206 l
308 1170 476 1232 sedetiam
507 1170 593 1245 apud
625 1171 742 1246 poetes
772 1169 826 1230 bIc
854 1168 924 1230 illic
954 1169 1256 1245 deprehenduntur.
1286 1169 1339 1230 SIc
1370 1185 1506 1232 versum

308 1283 412 1358 SopbiIi
432 1285 565 1345 comici:

723 1395 756 1458 τὸ
778 1406 901 1477 πρᾶγμα
924 1397 1036 1478 χάριεν
1060 1394 1128 1476 οὐχλ
1150 1399 1170 1475 β

545 1511 684 1583 κυάθους
707 1508 874 1591 ἀνεβόησέν
895 1535 939 1586 ας
961 1511 1068 1592 ὕποχοι
1090 1511 1148 1573 κτλ.

303 1629 376 1685 certe
397 1627 624 1688 emendatione
647 1627 798 1689 restituit
821 1627 940 1690 Cobet:

725 1739 758 1802 τὸ
781 1750 905 1822 πρᾶγμα
928 1742 1038 1822 χάριεν·
1062 1738 1157 1822 „enixi
1188 1742 1340 1803 δώδεκα

546 1853 707 1926 κνάθονς“
731 1853 896 1933 ἀνεβόησέν
920 1880 964 1930 τις
986 1855 1171 1936 »ὑποχεῖςςίλ
1193 1854 1251 1916 nri.

302 1969 419 2032 nolent
441 1950 588 2031 orxrr'i
610 1972 644 2034 in
670 1952 847 2043 omli—13²).

299 2213 359 2260 esse
389 2213 641 2275 nonnumquam
684 2202 719 2261 et
761 2201 891 2261 errandi
926 2201 1136 2262 occasionem
1175 2200 1367 2275 praebuisse
1401 2201 1511 2276 quivis

299 2313 487 2389 suspicetur;
519 2329 602 2390 quae
635 2298 851 2376 confirmetur
881 2315 1027 2390 suspicio
1050 2315 1133 2377 Acb.
1161 2316 1256 2392 1055,
1281 2315 1337 2376 ubi
1360 2315 1512 2377 lectionis

300 2427 426 2489 venetae
445 2430 585 2503 antiqua
607 2428 744 2507 χιλλοον
763 2428 830 2499 (vel
849 2432 962 2506 χιλιῶν)
984 2428 1126 2507 δραχμῶν
1145 2431 1179 2491 θλ
1197 2428 1349 2509 μυρίων
1369 2429 1510 2509 δραχμῶν

298 2541 349 2602 nisi
370 2559 387 2604 e
409 2544 506 2620 signo
531 2546 572 2602 M
591 2542 680 2604 mele
703 2542 874 2604 intellecto
897 2543 990 2603 nesci
1014 2544 1072 2603 vix
1096 2543 1214 2618 potuit.

331 2657 379 2720 Sic
408 2660 441 2719 in
474 2658 611 2719 scholiis
640 2656 670 2716 V
700 2658 742 2718 ed
773 2657 871 2732 Veep.
906 2658 969 2718 718
1002 2658 1126 2733 legitur
1154 2656 1329 2734 ,μεδίμνων
1350 2659 1405 2735 ν”,
1426 2660 1511 2734 quod

296 2773 450 2834 numerale
487 2772 649 2832 omittunt
682 2771 748 2834 elli.
780 2771 821 2831 Et
850 2770 981 2844 insigne
1012 2770 1203 2846 exemplum
1236 2771 1392 2832 vitiorum
1428 2787 1511 2847 quae

296 2883 365 2946 baec
384 2901 486 2948 ceusu
505 2885 632 2962 peperit
650 2885 684 2946 in
705 2885 786 2961 ipsis
806 2884 941 2946 scholiis
960 2884 988 2942 V
1006 2887 1102 2945 extat
1122 2884 1196 2944 Pac.
1218 2884 1300 2945 848:
1328 2882 1511 2961 ,ἀτιμωθελς

296 2992 321 3055 λλ
340 3007 377 3082 τῷ
400 2997 442 3076 μὴ
468 2998 623 3075 docendae
645 2997 697 3070 τὰς
720 2996 873 3077 ράμνας
896 3005 949 3075 τῆς
973 2996 1111 3075 εὐθύνης
1135 2993 1331 3057 duodecino?
1356 3001 1390 3059 et
1412 3013 1509 3059 mox:

296 3119 363 3185 ,τῶν
385 3111 544 3193 ῥάμνον
562 3120 616 3172 τοῦ
636 3111 829 3172 διονοσλον”.
848 3112 925 3186 Leg.
947 3109 998 3183 τὰς
1022 3111 1045 3189 ρ
1066 3119 1164 3188 μνᾶς
1185 3116 1219 3172 et
1237 3119 1296 3171 τῶν
1314 3113 1339 3188 ρ
1355 3107 1509 3189 prodisti.

330 3227 397 3288 Iam
418 3227 662 3305 perpendemus
677 3227 706 3286 Ν
708 3226 822 3288 ubium
837 3241 971 3288 versum
988 3226 1085 3289 1065.
1099 3225 1164 3287 Ubi
1176 3227 1210 3287 in
1223 3225 1390 3288 codicibus
1401 3226 1511 3301 legun·

293 3340 340 3400 tur
362 3342 459 3404 boec:

409 3449 593 3534 Ὑπέρβολος
617 3449 645 3515 i’
670 3453 728 3516 obn
750 3463 810 3515 cdv
834 3453 953 3533 λύχνον
975 3458 1061 3515 πλεῖν
1088 3450 1110 3532 ἢ
1139 3454 1313 3514 τάλαντα
1343 3449 1468 3513 πολλὰ

414 3567 520 3647 ελληφε
544 3566 595 3628 διὰ
617 3568 781 3646 πονηρίαν,

290 3679 339 3739 sed
362 3681 590 3742 necessarium
615 3684 667 3743 est
690 3681 871 3742 numerale.
895 3682 998 3743 Poeta
1021 3682 1157 3744 dederet

414 3792 545 3874 πλεῖνῆ
577 3792 719 3855 ἕκατον
747 3794 937 3870 τάλαντα,

290 3893 714 3974 ΠΛΘΙΝΗΙῙΤΑΛΑΝΤΑ.
739 3913 861 3990 Quodsi
881 3915 965 3974 satis
986 3914 1142 3975 credibile
1162 3928 1228 3976 non
1250 3915 1403 3977 videatur
1419 3915 1515 3975 πολλὰ

288 4025 323 4087 ad
353 4029 559 4104 explendum
591 4029 826 4089 tetrametrum
859 4027 1051 4104 suppletum
1084 4043 1160 4089 esse
1189 4028 1347 4105 asciolo,
1372 4029 1517 4091 fortasse

289 4140 450 4203 videbitur
473 4142 622 4216 inspecto
645 4141 738 4202 Livio
761 4141 874 4201 XXIII
902 4143 959 4202 13:
983 4143 1016 4218 {it
1039 4143 1344 4203 cenaineconenlinm
1368 4147 1402 4202 ni
1424 4141 1514 4203 Han·

288 4254 382 4316 niduli
412 4260 549 4330 quoinor
579 4255 801 4317 Numidarum
824 4257 914 4316 milia
938 4257 972 4318 in
995 4257 1247 4332 supplementum
1269 4258 1467 4318 miiierentnr
1488 4261 1516 4318 et

288 4371 501 4446 qaodrcpinta
535 4370 687 4445 elephanti
724 4373 751 4430 et
784 4371 908 4444 arpenti
941 4371 1070 4431 mnlta
1109 4372 1281 4438 talenta.
1319 4405 1357 4416 -
1395 4371 1515 4432 Mirum

288 4483 432 4555 proiecto
463 4483 813 4544 senatusconsultum!
848 4482 910 4544 Sed
942 4484 1064 4544 dudum
1089 4499 1205 4545 verum
1230 4487 1283 4546 eet
1305 4486 1517 4546 resticulum:

288 4599 312 4655 ei
334 4599 459 4674 arpenni
480 4597 596 4659 talenta
619 4595 692 4658 MD.

319 4899 457 4963 ²)sopm1.
486 4905 518 4951 ir.
545 4906 559 4949 4
586 4903 670 4964 (apud
695 4904 790 4952 Athen.
814 4902 909 4969 dibd).
935 4906 977 4954 Sin
999 4906 1062 4953 alibi
1085 4906 1157 4966 apud
1182 4906 1346 4954 Athenaeum
1371 4904 1428 4954 eine
1454 4908 1518 4954 vitio

288 4981 395 5043 legitur:
414 4991 461 5030 cdv
478 4989 504 5047 ιβ
523 4989 587 5030 debe
605 4983 700 5045 (dida,
718 4984 841 5045 Amphid.
859 4985 891 5031 ir.
910 4987 945 5045 λ).

315 5059 337 5124 ²)
356 5063 477 5112 &erexit
494 5062 595 5122 Bergk
613 5063 676 5110 item
695 5063 778 5112 Oobet
795 5062 919 5129 (Brieven
938 5078 986 5113 nn
1006 5065 1070 5114 Geel
1088 5079 1115 5126 p.
1134 5066 1204 5126 bne).

342 5151 391 5195 An
1409 5152 1438 5197 Β
