<?xml version="1.0" encoding="UTF-8"?>
<!DOCTYPE html PUBLIC "-//W3C//DTD XHTML 1.0 Transitional//EN"
    "http://www.w3.org/TR/xhtml1/DTD/xhtml1-transitional.dtd">
<html xmlns="http://www.w3.org/1999/xhtml" xml:lang="en" lang="en">
 <head>
  <title>
</title>
<meta http-equiv="Content-Type" content="text/html;charset=utf-8" />
  <meta name='ocr-system' content='tesseract 3.04.00' />
  <meta name='ocr-capabilities' content='ocr_page ocr_carea ocr_par ocr_line ocrx_word'/>
</head>
<body>
  <div class='ocr_page' id='page_1' title='image "./prolegomenaadar02unkngoog/prolegomenaadar02unkngoog_0098.png"; bbox 0 0 4375 6284; ppageno 0'>
   <div class='ocr_carea' id='block_1_1' title="bbox 665 934 1373 994">
    <p class='ocr_par' dir='ltr' id='par_1_1' title="bbox 665 934 1373 994">
     <span class='ocr_line' id='line_1_1' title="bbox 665 934 1373 994; baseline 0 -2"><span class='ocrx_word' id='word_1_1' title='bbox 665 934 708 994; x_wconf 83' lang='lat'><strong>86</strong></span> <span class='ocrx_word' id='word_1_2' title='bbox 1184 949 1226 993; x_wconf 80' lang='lat' dir='ltr'><strong>ns</strong></span> <span class='ocrx_word' id='word_1_3' title='bbox 1248 947 1373 993; x_wconf 76' lang='lat' dir='ltr'><strong>roncas</strong></span> 
     </span>
    </p>
   </div>
   <div class='ocr_carea' id='block_1_2' title="bbox 662 1117 1973 4713">
    <p class='ocr_par' dir='ltr' id='par_1_2' title="bbox 662 1117 1973 3789">
     <span class='ocr_line' id='line_1_2' title="bbox 663 1117 1883 1195; baseline -0.002 -14"><span class='ocrx_word' id='word_1_4' title='bbox 663 1118 761 1181; x_wconf 89' lang='lat' dir='ltr'><strong>rediit</strong></span> <span class='ocrx_word' id='word_1_5' title='bbox 789 1119 829 1178; x_wconf 91' lang='lat' dir='ltr'><strong>ad</strong></span> <span class='ocrx_word' id='word_1_6' title='bbox 858 1118 996 1180; x_wconf 86' lang='lat' dir='ltr'><strong>consilis</strong></span> <span class='ocrx_word' id='word_1_7' title='bbox 1018 1133 1077 1195; x_wconf 91' lang='lat' dir='ltr'><strong>per</strong></span> <span class='ocrx_word' id='word_1_8' title='bbox 1099 1117 1349 1193; x_wconf 87' lang='lat' dir='ltr'><strong>quatuordecim</strong></span> <span class='ocrx_word' id='word_1_9' title='bbox 1373 1118 1479 1180; x_wconf 89' lang='lat' dir='ltr'><strong>lustra</strong></span> <span class='ocrx_word' id='word_1_10' title='bbox 1501 1121 1705 1181; x_wconf 88' lang='lat' dir='ltr'><strong>intermissa.</strong></span> <span class='ocrx_word' id='word_1_11' title='bbox 1730 1118 1883 1179; x_wconf 85' lang='lat' dir='ltr'><strong>Hannibal</strong></span> 
     </span>
     <span class='ocr_line' id='line_1_3' title="bbox 665 1229 1883 1308; baseline -0.001 -17"><span class='ocrx_word' id='word_1_12' title='bbox 665 1232 818 1306; x_wconf 78' lang='lat' dir='ltr'><strong>Gisgonis</strong></span> <span class='ocrx_word' id='word_1_13' title='bbox 839 1229 941 1308; x_wconf 87' lang='lat' dir='ltr'><strong>filius,</strong></span> <span class='ocrx_word' id='word_1_14' title='bbox 966 1231 1168 1293; x_wconf 77' lang='lat' dir='ltr'><strong>Hamilcaris</strong></span> <span class='ocrx_word' id='word_1_15' title='bbox 1190 1246 1293 1306; x_wconf 88' lang='lat' dir='ltr'><strong>nepos</strong></span> <span class='ocrx_word' id='word_1_16' title='bbox 1315 1230 1418 1308; x_wconf 90' lang='lat' dir='ltr'><strong>illius,</strong></span> <span class='ocrx_word' id='word_1_17' title='bbox 1443 1234 1500 1306; x_wconf 91' lang='lat' dir='ltr'><strong>qui</strong></span> <span class='ocrx_word' id='word_1_18' title='bbox 1522 1247 1609 1294; x_wconf 92' lang='lat' dir='ltr'><strong>anno</strong></span> <span class='ocrx_word' id='word_1_19' title='bbox 1626 1233 1703 1307; x_wconf 83' lang='lat'><strong>480,</strong></span> <span class='ocrx_word' id='word_1_20' title='bbox 1722 1235 1795 1293; x_wconf 91' lang='lat' dir='ltr'><strong>tum</strong></span> <span class='ocrx_word' id='word_1_21' title='bbox 1814 1247 1883 1292; x_wconf 89' lang='lat' dir='ltr'><strong>cum</strong></span> 
     </span>
     <span class='ocr_line' id='line_1_4' title="bbox 663 1344 1886 1420; baseline 0 -16"><span class='ocrx_word' id='word_1_22' title='bbox 663 1345 827 1405; x_wconf 84' lang='lat' dir='ltr'><strong>libertatis</strong></span> <span class='ocrx_word' id='word_1_23' title='bbox 856 1344 1115 1406; x_wconf 82' lang='lat' dir='ltr'><strong>fundamentum</strong></span> <span class='ocrx_word' id='word_1_24' title='bbox 1146 1345 1260 1406; x_wconf 79' lang='lat' dir='ltr'><strong>Graeci</strong></span> <span class='ocrx_word' id='word_1_25' title='bbox 1290 1345 1452 1420; x_wconf 92' lang='lat' dir='ltr'><strong>iecerunt,</strong></span> <span class='ocrx_word' id='word_1_26' title='bbox 1485 1347 1525 1406; x_wconf 90' lang='lat' dir='ltr'><strong>ad</strong></span> <span class='ocrx_word' id='word_1_27' title='bbox 1557 1346 1727 1407; x_wconf 82' lang='lat' dir='ltr'><strong>Himeram</strong></span> <span class='ocrx_word' id='word_1_28' title='bbox 1751 1349 1804 1406; x_wconf 88' lang='lat' dir='ltr'><strong>est</strong></span> <span class='ocrx_word' id='word_1_29' title='bbox 1824 1359 1886 1420; x_wconf 88' lang='lat' dir='ltr'><strong>pro</strong></span> 
     </span>
     <span class='ocr_line' id='line_1_5' title="bbox 664 1457 1887 1534; baseline 0.001 -17"><span class='ocrx_word' id='word_1_30' title='bbox 664 1458 812 1534; x_wconf 84' lang='lat' dir='ltr'><strong>fligatus,</strong></span> <span class='ocrx_word' id='word_1_31' title='bbox 838 1460 872 1519; x_wconf 93' lang='lat' dir='ltr'><strong>in</strong></span> <span class='ocrx_word' id='word_1_32' title='bbox 896 1457 1044 1519; x_wconf 88' lang='lat' dir='ltr'><strong>Siciliam</strong></span> <span class='ocrx_word' id='word_1_33' title='bbox 1068 1459 1160 1519; x_wconf 87' lang='lat' dir='ltr'><strong>venit</strong></span> <span class='ocrx_word' id='word_1_34' title='bbox 1183 1459 1224 1518; x_wconf 81' lang='lat' dir='ltr'><strong>sd</strong></span> <span class='ocrx_word' id='word_1_35' title='bbox 1249 1458 1472 1519; x_wconf 83' lang='lat' dir='ltr'><strong>ulciscendam</strong></span> <span class='ocrx_word' id='word_1_36' title='bbox 1498 1463 1643 1522; x_wconf 88' lang='lat' dir='ltr'><strong>veterem</strong></span> <span class='ocrx_word' id='word_1_37' title='bbox 1665 1461 1887 1534; x_wconf 91' lang='lat' dir='ltr'><strong>ignominiam.</strong></span> 
     </span>
     <span class='ocr_line' id='line_1_6' title="bbox 664 1570 1888 1634; baseline 0.001 -4"><span class='ocrx_word' id='word_1_38' title='bbox 664 1570 795 1632; x_wconf 86' lang='lat' dir='ltr'><strong>Selinus</strong></span> <span class='ocrx_word' id='word_1_39' title='bbox 822 1571 1061 1633; x_wconf 83' lang='lat' dir='ltr'><strong>florentissima</strong></span> <span class='ocrx_word' id='word_1_40' title='bbox 1091 1572 1211 1632; x_wconf 87' lang='lat' dir='ltr'><strong>civitas</strong></span> <span class='ocrx_word' id='word_1_41' title='bbox 1238 1573 1279 1632; x_wconf 84' lang='lat' dir='ltr'><strong>sd</strong></span> <span class='ocrx_word' id='word_1_42' title='bbox 1312 1573 1572 1634; x_wconf 73' lang='lat' dir='ltr'><strong>internecionem</strong></span> <span class='ocrx_word' id='word_1_43' title='bbox 1608 1575 1660 1634; x_wconf 86' lang='lat' dir='ltr'><strong>est</strong></span> <span class='ocrx_word' id='word_1_44' title='bbox 1693 1574 1828 1634; x_wconf 89' lang='lat' dir='ltr'><strong>redacta</strong></span> <span class='ocrx_word' id='word_1_45' title='bbox 1858 1575 1888 1632; x_wconf 87' lang='lat' dir='ltr'><strong>et</strong></span> 
     </span>
     <span class='ocr_line' id='line_1_7' title="bbox 665 1684 1887 1761; baseline 0 -17"><span class='ocrx_word' id='word_1_46' title='bbox 665 1684 782 1761; x_wconf 91' lang='lat' dir='ltr'><strong>deleta,</strong></span> <span class='ocrx_word' id='word_1_47' title='bbox 807 1700 938 1746; x_wconf 90' lang='lat' dir='ltr'><strong>-non</strong></span> <span class='ocrx_word' id='word_1_48' title='bbox 973 1685 1061 1745; x_wconf 90' lang='lat' dir='ltr'><strong>enim</strong></span> <span class='ocrx_word' id='word_1_49' title='bbox 1097 1684 1311 1746; x_wconf 87' lang='lat' dir='ltr'><strong>barbarorum</strong></span> <span class='ocrx_word' id='word_1_50' title='bbox 1343 1685 1487 1746; x_wconf 85' lang='lat' dir='ltr'><strong>furorem</strong></span> <span class='ocrx_word' id='word_1_51' title='bbox 1517 1701 1538 1745; x_wconf 94' lang='lat' dir='ltr'><strong>a</strong></span> <span class='ocrx_word' id='word_1_52' title='bbox 1571 1687 1670 1747; x_wconf 89' lang='lat' dir='ltr'><strong>sociis</strong></span> <span class='ocrx_word' id='word_1_53' title='bbox 1701 1684 1887 1761; x_wconf 89' lang='lat' dir='ltr'><strong>propulsare</strong></span> 
     </span>
     <span class='ocr_line' id='line_1_8' title="bbox 664 1797 1888 1874; baseline 0 -16"><span class='ocrx_word' id='word_1_54' title='bbox 664 1800 843 1873; x_wconf 89' lang='lat' dir='ltr'><strong>potuerunt</strong></span> <span class='ocrx_word' id='word_1_55' title='bbox 875 1798 1089 1874; x_wconf 83' lang='lat' dir='ltr'><strong>Syracusani,</strong></span> <span class='ocrx_word' id='word_1_56' title='bbox 1125 1797 1188 1858; x_wconf 89' lang='lat' dir='ltr'><strong>sihi</strong></span> <span class='ocrx_word' id='word_1_57' title='bbox 1224 1799 1253 1858; x_wconf 90' lang='lat' dir='ltr'><strong>si</strong></span> <span class='ocrx_word' id='word_1_58' title='bbox 1284 1813 1402 1858; x_wconf 86' lang='lat' dir='ltr'><strong>cavere</strong></span> <span class='ocrx_word' id='word_1_59' title='bbox 1436 1801 1572 1873; x_wconf 90' lang='lat' dir='ltr'><strong>possent</strong></span> <span class='ocrx_word' id='word_1_60' title='bbox 1604 1799 1688 1859; x_wconf 89' lang='lat' dir='ltr'><strong>satis</strong></span> <span class='ocrx_word' id='word_1_61' title='bbox 1722 1799 1822 1860; x_wconf 88' lang='lat' dir='ltr'><strong>beati.</strong></span> <span class='ocrx_word' id='word_1_62' title='bbox 1855 1799 1888 1858; x_wconf 91' lang='lat' dir='ltr'><strong>In</strong></span> 
     </span>
     <span class='ocr_line' id='line_1_9' title="bbox 665 1910 1891 1987; baseline -0.001 -17"><span class='ocrx_word' id='word_1_63' title='bbox 665 1910 837 1971; x_wconf 87' lang='lat' dir='ltr'><strong>Himeram</strong></span> <span class='ocrx_word' id='word_1_64' title='bbox 860 1911 963 1971; x_wconf 92' lang='lat' dir='ltr'><strong>nihilo</strong></span> <span class='ocrx_word' id='word_1_65' title='bbox 986 1910 1185 1972; x_wconf 87' lang='lat' dir='ltr'><strong>clementius</strong></span> <span class='ocrx_word' id='word_1_66' title='bbox 1208 1911 1387 1973; x_wconf 75' lang='lat' dir='ltr'><strong>saevitum.</strong></span> <span class='ocrx_word' id='word_1_67' title='bbox 1410 1911 1519 1971; x_wconf 87' lang='lat' dir='ltr'><strong>Etiam</strong></span> <span class='ocrx_word' id='word_1_68' title='bbox 1543 1912 1763 1987; x_wconf 81' lang='lat' dir='ltr'><strong>Agrigentum</strong></span> <span class='ocrx_word' id='word_1_69' title='bbox 1785 1911 1891 1970; x_wconf 89' lang='lat' dir='ltr'><strong>—his</strong></span> 
     </span>
     <span class='ocr_line' id='line_1_10' title="bbox 664 2022 1889 2098; baseline -0.002 -14"><span class='ocrx_word' id='word_1_70' title='bbox 664 2027 797 2084; x_wconf 90' lang='lat' dir='ltr'><strong>centum</strong></span> <span class='ocrx_word' id='word_1_71' title='bbox 817 2024 949 2084; x_wconf 92' lang='lat' dir='ltr'><strong>milium</strong></span> <span class='ocrx_word' id='word_1_72' title='bbox 967 2024 1142 2085; x_wconf 91' lang='lat' dir='ltr'><strong>hominum</strong></span> <span class='ocrx_word' id='word_1_73' title='bbox 1163 2023 1257 2084; x_wconf 78' lang='lat' dir='ltr'><strong>urbs!</strong></span> <span class='ocrx_word' id='word_1_74' title='bbox 1281 2023 1458 2098; x_wconf 91' lang='lat' dir='ltr'><strong>-deleta,</strong></span> <span class='ocrx_word' id='word_1_75' title='bbox 1480 2038 1559 2085; x_wconf 87' lang='lat' dir='ltr'><strong>mox</strong></span> <span class='ocrx_word' id='word_1_76' title='bbox 1570 2024 1650 2084; x_wconf 85' lang='lat' dir='ltr'><strong>Cela</strong></span> <span class='ocrx_word' id='word_1_77' title='bbox 1662 2022 1889 2085; x_wconf 80' lang='lat' dir='ltr'><strong>etCsmsrins.</strong></span> 
     </span>
     <span class='ocr_line' id='line_1_11' title="bbox 665 2135 1889 2211; baseline 0 -15"><span class='ocrx_word' id='word_1_78' title='bbox 665 2135 870 2211; x_wconf 79' lang='lat' dir='ltr'><strong>Quamquam</strong></span> <span class='ocrx_word' id='word_1_79' title='bbox 894 2137 996 2198; x_wconf 89' lang='lat' dir='ltr'><strong>trium</strong></span> <span class='ocrx_word' id='word_1_80' title='bbox 1021 2137 1139 2198; x_wconf 88' lang='lat' dir='ltr'><strong>harum</strong></span> <span class='ocrx_word' id='word_1_81' title='bbox 1164 2138 1294 2197; x_wconf 88' lang='lat' dir='ltr'><strong>urbium</strong></span> <span class='ocrx_word' id='word_1_82' title='bbox 1319 2135 1446 2198; x_wconf 90' lang='lat' dir='ltr'><strong>incolae</strong></span> <span class='ocrx_word' id='word_1_83' title='bbox 1469 2138 1540 2197; x_wconf 89' lang='lat' dir='ltr'><strong>vita</strong></span> <span class='ocrx_word' id='word_1_84' title='bbox 1558 2141 1648 2199; x_wconf 88' lang='lat' dir='ltr'><strong>certe</strong></span> <span class='ocrx_word' id='word_1_85' title='bbox 1666 2137 1763 2197; x_wconf 89' lang='lat' dir='ltr'><strong>salva</strong></span> <span class='ocrx_word' id='word_1_86' title='bbox 1776 2137 1889 2211; x_wconf 84' lang='lat' dir='ltr'><strong>effuge·</strong></span> 
     </span>
     <span class='ocr_line' id='line_1_12' title="bbox 663 2249 1889 2327; baseline 0.002 -16"><span class='ocrx_word' id='word_1_87' title='bbox 663 2255 753 2327; x_wconf 90' lang='lat' dir='ltr'><strong>runt,</strong></span> <span class='ocrx_word' id='word_1_88' title='bbox 774 2250 898 2310; x_wconf 83' lang='lat' dir='ltr'><strong>frustra</strong></span> <span class='ocrx_word' id='word_1_89' title='bbox 916 2254 1030 2311; x_wconf 90' lang='lat' dir='ltr'><strong>autem</strong></span> <span class='ocrx_word' id='word_1_90' title='bbox 1049 2267 1069 2310; x_wconf 85' lang='lat' dir='ltr'><strong>a</strong></span> <span class='ocrx_word' id='word_1_91' title='bbox 1086 2249 1417 2325; x_wconf 79' lang='lat' dir='ltr'><strong>Carthaginiensibus</strong></span> <span class='ocrx_word' id='word_1_92' title='bbox 1432 2254 1581 2312; x_wconf 90' lang='lat' dir='ltr'><strong>tentatae</strong></span> <span class='ocrx_word' id='word_1_93' title='bbox 1602 2254 1682 2312; x_wconf 90' lang='lat' dir='ltr'><strong>sunt</strong></span> <span class='ocrx_word' id='word_1_94' title='bbox 1701 2252 1889 2326; x_wconf 83' lang='lat' dir='ltr'><strong>Syracusae.</strong></span> 
     </span>
     <span class='ocr_line' id='line_1_13' title="bbox 662 2363 1889 2440; baseline -0.001 -15"><span class='ocrx_word' id='word_1_95' title='bbox 662 2365 749 2426; x_wconf 88' lang='lat' dir='ltr'><strong>Huic</strong></span> <span class='ocrx_word' id='word_1_96' title='bbox 771 2364 862 2425; x_wconf 91' lang='lat' dir='ltr'><strong>enim</strong></span> <span class='ocrx_word' id='word_1_97' title='bbox 885 2363 1013 2424; x_wconf 85' lang='lat' dir='ltr'><strong>civitati</strong></span> <span class='ocrx_word' id='word_1_98' title='bbox 1035 2364 1144 2425; x_wconf 89' lang='lat' dir='ltr'><strong>iatum</strong></span> <span class='ocrx_word' id='word_1_99' title='bbox 1169 2365 1201 2424; x_wconf 93' lang='lat' dir='ltr'><strong>id</strong></span> <span class='ocrx_word' id='word_1_100' title='bbox 1225 2365 1390 2425; x_wconf 84' lang='lat' dir='ltr'><strong>concessit</strong></span> <span class='ocrx_word' id='word_1_101' title='bbox 1412 2365 1498 2437; x_wconf 86' lang='lat' dir='ltr'><strong>qnod</strong></span> <span class='ocrx_word' id='word_1_102' title='bbox 1521 2364 1696 2440; x_wconf 87' lang='lat' dir='ltr'><strong>denegavit</strong></span> <span class='ocrx_word' id='word_1_103' title='bbox 1717 2365 1889 2427; x_wconf 88' lang='lat' dir='ltr'><strong>Athenien·</strong></span> 
     </span>
     <span class='ocr_line' id='line_1_14' title="bbox 666 2477 1891 2554; baseline 0.001 -17"><span class='ocrx_word' id='word_1_104' title='bbox 666 2477 772 2553; x_wconf 87' lang='lat' dir='ltr'><strong>sibus,</strong></span> <span class='ocrx_word' id='word_1_105' title='bbox 802 2480 840 2538; x_wconf 94' lang='grc' dir='ltr'><strong>ιιι</strong></span> <span class='ocrx_word' id='word_1_106' title='bbox 869 2477 959 2537; x_wconf 87' lang='lat' dir='ltr'><strong>iusto</strong></span> <span class='ocrx_word' id='word_1_107' title='bbox 982 2481 1133 2551; x_wconf 90' lang='lat' dir='ltr'><strong>tempore</strong></span> <span class='ocrx_word' id='word_1_108' title='bbox 1155 2477 1323 2538; x_wconf 85' lang='lat' dir='ltr'><strong>inveniret</strong></span> <span class='ocrx_word' id='word_1_109' title='bbox 1345 2478 1532 2554; x_wconf 92' lang='lat' dir='ltr'><strong>dominum,</strong></span> <span class='ocrx_word' id='word_1_110' title='bbox 1556 2478 1612 2551; x_wconf 85' lang='lat' dir='ltr'><strong>qui</strong></span> <span class='ocrx_word' id='word_1_111' title='bbox 1635 2493 1692 2553; x_wconf 89' lang='lat' dir='ltr'><strong>per</strong></span> <span class='ocrx_word' id='word_1_112' title='bbox 1714 2478 1891 2539; x_wconf 90' lang='lat' dir='ltr'><strong>multorum</strong></span> 
     </span>
     <span class='ocr_line' id='line_1_15' title="bbox 667 2588 1890 2666; baseline 0.002 -16"><span class='ocrx_word' id='word_1_113' title='bbox 667 2605 830 2651; x_wconf 90' lang='lat' dir='ltr'><strong>annorum</strong></span> <span class='ocrx_word' id='word_1_114' title='bbox 866 2589 1013 2666; x_wconf 88' lang='lat' dir='ltr'><strong>spatium</strong></span> <span class='ocrx_word' id='word_1_115' title='bbox 1048 2605 1151 2650; x_wconf 91' lang='lat' dir='ltr'><strong>manu</strong></span> <span class='ocrx_word' id='word_1_116' title='bbox 1186 2595 1224 2650; x_wconf 91' lang='lat' dir='ltr'><strong>ut</strong></span> <span class='ocrx_word' id='word_1_117' title='bbox 1257 2590 1340 2650; x_wconf 91' lang='lat' dir='ltr'><strong>dura</strong></span> <span class='ocrx_word' id='word_1_118' title='bbox 1373 2591 1422 2652; x_wconf 89' lang='lat' dir='ltr'><strong>sic</strong></span> <span class='ocrx_word' id='word_1_119' title='bbox 1455 2588 1551 2651; x_wconf 89' lang='lat' dir='ltr'><strong>ilrma</strong></span> <span class='ocrx_word' id='word_1_120' title='bbox 1580 2591 1764 2652; x_wconf 76' lang='lat' dir='ltr'><strong>refrenaret</strong></span> <span class='ocrx_word' id='word_1_121' title='bbox 1793 2594 1828 2652; x_wconf 89' lang='lat' dir='ltr'><strong>et</strong></span> <span class='ocrx_word' id='word_1_122' title='bbox 1856 2605 1890 2652; x_wconf 87' lang='lat' dir='ltr'><strong>eo</strong></span> 
     </span>
     <span class='ocr_line' id='line_1_16' title="bbox 667 2702 1894 2780; baseline 0 -17"><span class='ocrx_word' id='word_1_123' title='bbox 667 2702 802 2765; x_wconf 89' lang='lat' dir='ltr'><strong>duceret</strong></span> <span class='ocrx_word' id='word_1_124' title='bbox 829 2718 895 2777; x_wconf 82' lang='lat' dir='ltr'><strong>ono</strong></span> <span class='ocrx_word' id='word_1_125' title='bbox 918 2702 1060 2765; x_wconf 83' lang='lat' dir='ltr'><strong>vocabat</strong></span> <span class='ocrx_word' id='word_1_126' title='bbox 1081 2702 1225 2764; x_wconf 81' lang='lat' dir='ltr'><strong>fortuna.</strong></span> <span class='ocrx_word' id='word_1_127' title='bbox 1249 2703 1488 2779; x_wconf 83' lang='lat' dir='ltr'><strong>Syracusarum</strong></span> <span class='ocrx_word' id='word_1_128' title='bbox 1512 2704 1693 2780; x_wconf 86' lang='lat' dir='ltr'><strong>sospitator</strong></span> <span class='ocrx_word' id='word_1_129' title='bbox 1715 2703 1826 2766; x_wconf 84' lang='lat' dir='ltr'><strong>iactus</strong></span> <span class='ocrx_word' id='word_1_130' title='bbox 1848 2707 1894 2764; x_wconf 92' lang='lat' dir='ltr'><strong>est</strong></span> 
     </span>
     <span class='ocr_line' id='line_1_17' title="bbox 665 2816 1894 2892; baseline -0.002 -15"><span class='ocrx_word' id='word_1_131' title='bbox 665 2817 845 2892; x_wconf 87' lang='lat' dir='ltr'><strong>Dionysius</strong></span> <span class='ocrx_word' id='word_1_132' title='bbox 876 2816 997 2892; x_wconf 86' lang='lat' dir='ltr'><strong>viginti</strong></span> <span class='ocrx_word' id='word_1_133' title='bbox 1021 2819 1055 2878; x_wconf 91' lang='lat' dir='ltr'><strong>et</strong></span> <span class='ocrx_word' id='word_1_134' title='bbox 1076 2817 1221 2891; x_wconf 86' lang='lat' dir='ltr'><strong>quinque</strong></span> <span class='ocrx_word' id='word_1_135' title='bbox 1244 2832 1407 2878; x_wconf 91' lang='lat' dir='ltr'><strong>annorum</strong></span> <span class='ocrx_word' id='word_1_136' title='bbox 1431 2818 1579 2878; x_wconf 88' lang='lat' dir='ltr'><strong>iuvenis:</strong></span> <span class='ocrx_word' id='word_1_137' title='bbox 1603 2817 1766 2878; x_wconf 82' lang='lat' dir='ltr'><strong>Alcibiadi</strong></span> <span class='ocrx_word' id='word_1_138' title='bbox 1789 2817 1894 2880; x_wconf 84' lang='lat' dir='ltr'><strong>iuveni</strong></span> 
     </span>
     <span class='ocr_line' id='line_1_18' title="bbox 666 2929 1892 3014; baseline 0 -23"><span class='ocrx_word' id='word_1_139' title='bbox 666 2946 732 2992; x_wconf 91' lang='lat' dir='ltr'><strong>non</strong></span> <span class='ocrx_word' id='word_1_140' title='bbox 764 2932 904 3006; x_wconf 86' lang='lat' dir='ltr'><strong>contigit</strong></span> <span class='ocrx_word' id='word_1_141' title='bbox 926 2934 965 2992; x_wconf 89' lang='lat' dir='ltr'><strong>ut</strong></span> <span class='ocrx_word' id='word_1_142' title='bbox 988 2929 1195 2992; x_wconf 79' lang='lat' dir='ltr'><strong>Athenarum</strong></span> <span class='ocrx_word' id='word_1_143' title='bbox 1219 2929 1312 2993; x_wconf 88' lang='lat' dir='ltr'><strong>fleret</strong></span> <span class='ocrx_word' id='word_1_144' title='bbox 1335 2932 1527 3014; x_wconf 87' lang='lat' dir='ltr'><strong>sospitator,</strong></span> <span class='ocrx_word' id='word_1_145' title='bbox 1550 2947 1616 2993; x_wconf 92' lang='lat' dir='ltr'><strong>non</strong></span> <span class='ocrx_word' id='word_1_146' title='bbox 1639 2933 1728 2993; x_wconf 93' lang='lat' dir='ltr'><strong>enim</strong></span> <span class='ocrx_word' id='word_1_147' title='bbox 1752 2933 1842 2994; x_wconf 87' lang='lat' dir='ltr'><strong>cives</strong></span> <span class='ocrx_word' id='word_1_148' title='bbox 1863 2933 1892 2991; x_wconf 93' lang='lat' dir='ltr'><strong>in</strong></span> 
     </span>
     <span class='ocr_line' id='line_1_19' title="bbox 665 3045 1890 3120; baseline 0.001 -15"><span class='ocrx_word' id='word_1_149' title='bbox 665 3046 857 3106; x_wconf 88' lang='lat' dir='ltr'><strong>communia</strong></span> <span class='ocrx_word' id='word_1_150' title='bbox 886 3045 1026 3107; x_wconf 88' lang='lat' dir='ltr'><strong>consilia</strong></span> <span class='ocrx_word' id='word_1_151' title='bbox 1055 3060 1173 3120; x_wconf 89' lang='lat' dir='ltr'><strong>cogere</strong></span> <span class='ocrx_word' id='word_1_152' title='bbox 1195 3045 1304 3120; x_wconf 89' lang='lat' dir='ltr'><strong>potnit</strong></span> <span class='ocrx_word' id='word_1_153' title='bbox 1325 3045 1425 3106; x_wconf 92' lang='lat' dir='ltr'><strong>homo</strong></span> <span class='ocrx_word' id='word_1_154' title='bbox 1448 3045 1642 3106; x_wconf 84' lang='lat' dir='ltr'><strong>inconstans</strong></span> <span class='ocrx_word' id='word_1_155' title='bbox 1666 3048 1700 3106; x_wconf 91' lang='lat' dir='ltr'><strong>et</strong></span> <span class='ocrx_word' id='word_1_156' title='bbox 1721 3046 1775 3108; x_wconf 91' lang='lat' dir='ltr'><strong>sui</strong></span> <span class='ocrx_word' id='word_1_157' title='bbox 1798 3061 1890 3120; x_wconf 88' lang='lat' dir='ltr'><strong>quam</strong></span> 
     </span>
     <span class='ocr_line' id='line_1_20' title="bbox 664 3159 1890 3236; baseline 0 -16"><span class='ocrx_word' id='word_1_158' title='bbox 664 3160 791 3236; x_wconf 87' lang='lat' dir='ltr'><strong>patriae</strong></span> <span class='ocrx_word' id='word_1_159' title='bbox 820 3160 996 3221; x_wconf 88' lang='lat' dir='ltr'><strong>amantior.</strong></span> <span class='ocrx_word' id='word_1_160' title='bbox 1023 3159 1074 3221; x_wconf 92' lang='lat' dir='ltr'><strong>Ad</strong></span> <span class='ocrx_word' id='word_1_161' title='bbox 1104 3159 1287 3235; x_wconf 79' lang='lat' dir='ltr'><strong>Syracusas</strong></span> <span class='ocrx_word' id='word_1_162' title='bbox 1307 3161 1421 3220; x_wconf 88' lang='lat' dir='ltr'><strong>autem</strong></span> <span class='ocrx_word' id='word_1_163' title='bbox 1445 3173 1528 3232; x_wconf 88' lang='lat' dir='ltr'><strong>quae</strong></span> <span class='ocrx_word' id='word_1_164' title='bbox 1551 3173 1617 3220; x_wconf 93' lang='lat' dir='ltr'><strong>non</strong></span> <span class='ocrx_word' id='word_1_165' title='bbox 1639 3159 1797 3235; x_wconf 86' lang='lat' dir='ltr'><strong>pertinuit</strong></span> <span class='ocrx_word' id='word_1_166' title='bbox 1819 3161 1890 3220; x_wconf 88' lang='lat' dir='ltr'><strong>Poe·</strong></span> 
     </span>
     <span class='ocr_line' id='line_1_21' title="bbox 665 3271 1973 3350; baseline -0.003 -16"><span class='ocrx_word' id='word_1_167' title='bbox 665 3289 783 3335; x_wconf 91' lang='lat' dir='ltr'><strong>norum</strong></span> <span class='ocrx_word' id='word_1_168' title='bbox 818 3274 975 3350; x_wconf 86' lang='lat' dir='ltr'><strong>saevitia,</strong></span> <span class='ocrx_word' id='word_1_169' title='bbox 1007 3289 1064 3349; x_wconf 87' lang='lat' dir='ltr'><strong>per</strong></span> <span class='ocrx_word' id='word_1_170' title='bbox 1096 3275 1242 3334; x_wconf 88' lang='lat' dir='ltr'><strong>ceteram</strong></span> <span class='ocrx_word' id='word_1_171' title='bbox 1272 3271 1421 3333; x_wconf 84' lang='lat' dir='ltr'><strong>Siciliam</strong></span> <span class='ocrx_word' id='word_1_172' title='bbox 1451 3272 1519 3334; x_wconf 88' lang='lat' dir='ltr'><strong>late</strong></span> <span class='ocrx_word' id='word_1_173' title='bbox 1549 3275 1601 3333; x_wconf 90' lang='lat' dir='ltr'><strong>est</strong></span> <span class='ocrx_word' id='word_1_174' title='bbox 1624 3275 1794 3348; x_wconf 90' lang='lat' dir='ltr'><strong>grassata;</strong></span> <span class='ocrx_word' id='word_1_175' title='bbox 1819 3287 1891 3333; x_wconf 86' lang='lat' dir='ltr'><strong>nam</strong></span> <span class='ocrx_word' id='word_1_176' title='bbox 1972 3323 1973 3330; x_wconf 74' lang='grc'>,</span> 
     </span>
     <span class='ocr_line' id='line_1_22' title="bbox 662 3385 1973 3464; baseline 0 -18"><span class='ocrx_word' id='word_1_177' title='bbox 662 3386 793 3448; x_wconf 89' lang='lat' dir='ltr'><strong>insulas</strong></span> <span class='ocrx_word' id='word_1_178' title='bbox 830 3403 924 3450; x_wconf 88' lang='lat' dir='ltr'><strong>oram</strong></span> <span class='ocrx_word' id='word_1_179' title='bbox 966 3385 1218 3449; x_wconf 90' lang='lat' dir='ltr'><strong>meridionalem</strong></span> <span class='ocrx_word' id='word_1_180' title='bbox 1252 3389 1357 3448; x_wconf 89' lang='lat' dir='ltr'><strong>totam</strong></span> <span class='ocrx_word' id='word_1_181' title='bbox 1396 3389 1430 3448; x_wconf 91' lang='lat' dir='ltr'><strong>et</strong></span> <span class='ocrx_word' id='word_1_182' title='bbox 1467 3386 1736 3461; x_wconf 89' lang='lat' dir='ltr'><strong>septentrionalis</strong></span> <span class='ocrx_word' id='word_1_183' title='bbox 1769 3387 1890 3464; x_wconf 84' lang='lat' dir='ltr'><strong>partem</strong></span> <span class='ocrx_word' id='word_1_184' title='bbox 1972 3421 1973 3432; x_wconf 36' lang='grc' dir='ltr'>ι</span> 
     </span>
     <span class='ocr_line' id='line_1_23' title="bbox 664 3499 1892 3577; baseline -0.002 -16"><span class='ocrx_word' id='word_1_185' title='bbox 664 3500 805 3562; x_wconf 90' lang='lat' dir='ltr'><strong>alteram</strong></span> <span class='ocrx_word' id='word_1_186' title='bbox 848 3516 928 3562; x_wconf 89' lang='lat' dir='ltr'><strong>suas</strong></span> <span class='ocrx_word' id='word_1_187' title='bbox 968 3501 1075 3562; x_wconf 85' lang='lat' dir='ltr'><strong>iecere</strong></span> <span class='ocrx_word' id='word_1_188' title='bbox 1115 3499 1419 3577; x_wconf 77' lang='lat' dir='ltr'><strong>Carthaginienses,</strong></span> <span class='ocrx_word' id='word_1_189' title='bbox 1465 3502 1500 3562; x_wconf 92' lang='lat' dir='ltr'><strong>et</strong></span> <span class='ocrx_word' id='word_1_190' title='bbox 1532 3501 1660 3577; x_wconf 88' lang='lat' dir='ltr'><strong>passim</strong></span> <span class='ocrx_word' id='word_1_191' title='bbox 1693 3514 1751 3576; x_wconf 89' lang='lat' dir='ltr'><strong>per</strong></span> <span class='ocrx_word' id='word_1_192' title='bbox 1784 3500 1892 3560; x_wconf 89' lang='lat' dir='ltr'><strong>littora</strong></span> 
     </span>
     <span class='ocr_line' id='line_1_24' title="bbox 664 3614 1973 3700; baseline 0 -26"><span class='ocrx_word' id='word_1_193' title='bbox 664 3614 785 3675; x_wconf 90' lang='lat' dir='ltr'><strong>rudera</strong></span> <span class='ocrx_word' id='word_1_194' title='bbox 802 3615 969 3676; x_wconf 79' lang='lat' dir='ltr'><strong>fumantia</strong></span> <span class='ocrx_word' id='word_1_195' title='bbox 987 3615 1175 3676; x_wconf 89' lang='lat' dir='ltr'><strong>indicarunt</strong></span> <span class='ocrx_word' id='word_1_196' title='bbox 1186 3615 1290 3689; x_wconf 89' lang='lat' dir='ltr'><strong>viam,</strong></span> <span class='ocrx_word' id='word_1_197' title='bbox 1311 3630 1377 3689; x_wconf 87' lang='lat' dir='ltr'><strong>qua</strong></span> <span class='ocrx_word' id='word_1_198' title='bbox 1394 3614 1595 3676; x_wconf 82' lang='lat' dir='ltr'><strong>Graecorum</strong></span> <span class='ocrx_word' id='word_1_199' title='bbox 1615 3614 1724 3676; x_wconf 89' lang='lat' dir='ltr'><strong>cultus</strong></span> <span class='ocrx_word' id='word_1_200' title='bbox 1743 3618 1893 3676; x_wconf 91' lang='lat' dir='ltr'><strong>etmores</strong></span> <span class='ocrx_word' id='word_1_201' title='bbox 1972 3657 1973 3700; x_wconf 78' lang='lat'><strong>,</strong></span> 
     </span>
     <span class='ocr_line' id='line_1_25' title="bbox 664 3727 976 3789; baseline 0 0"><span class='ocrx_word' id='word_1_202' title='bbox 664 3742 794 3789; x_wconf 89' lang='lat' dir='ltr'><strong>cessere</strong></span> <span class='ocrx_word' id='word_1_203' title='bbox 816 3727 976 3789; x_wconf 88' lang='lat' dir='ltr'><strong>barbaris.</strong></span> 
     </span>
    </p>

    <p class='ocr_par' dir='ltr' id='par_1_3' title="bbox 663 3840 1973 4713">
     <span class='ocr_line' id='line_1_26' title="bbox 709 3840 1895 3918; baseline 0 -16"><span class='ocrx_word' id='word_1_204' title='bbox 709 3840 780 3902; x_wconf 86' lang='lat' dir='ltr'><strong>Non</strong></span> <span class='ocrx_word' id='word_1_205' title='bbox 803 3841 955 3903; x_wconf 90' lang='lat' dir='ltr'><strong>inanium</strong></span> <span class='ocrx_word' id='word_1_206' title='bbox 979 3841 1126 3918; x_wconf 86' lang='lat' dir='ltr'><strong>prolecto</strong></span> <span class='ocrx_word' id='word_1_207' title='bbox 1149 3841 1354 3903; x_wconf 88' lang='lat' dir='ltr'><strong>somniorum</strong></span> <span class='ocrx_word' id='word_1_208' title='bbox 1374 3843 1570 3916; x_wconf 87' lang='lat' dir='ltr'><strong>appetentes</strong></span> <span class='ocrx_word' id='word_1_209' title='bbox 1589 3841 1680 3902; x_wconf 81' lang='lat' dir='ltr'><strong>luere</strong></span> <span class='ocrx_word' id='word_1_210' title='bbox 1698 3841 1756 3915; x_wconf 89' lang='lat' dir='ltr'><strong>qui</strong></span> <span class='ocrx_word' id='word_1_211' title='bbox 1773 3840 1895 3902; x_wconf 82' lang='lat' dir='ltr'><strong>classes</strong></span> 
     </span>
     <span class='ocr_line' id='line_1_27' title="bbox 663 3953 1893 4031; baseline -0.002 -15"><span class='ocrx_word' id='word_1_212' title='bbox 663 3955 919 4016; x_wconf 88' lang='lat' dir='ltr'><strong>Atheniensium</strong></span> <span class='ocrx_word' id='word_1_213' title='bbox 948 3955 983 4016; x_wconf 93' lang='lat' dir='ltr'><strong>in</strong></span> <span class='ocrx_word' id='word_1_214' title='bbox 1013 3954 1161 4016; x_wconf 84' lang='lat' dir='ltr'><strong>Siciliam</strong></span> <span class='ocrx_word' id='word_1_215' title='bbox 1185 3954 1366 4028; x_wconf 89' lang='lat' dir='ltr'><strong>miserunt;</strong></span> <span class='ocrx_word' id='word_1_216' title='bbox 1389 3953 1448 4015; x_wconf 89' lang='lat' dir='ltr'><strong>sed</strong></span> <span class='ocrx_word' id='word_1_217' title='bbox 1471 3954 1641 4030; x_wconf 89' lang='lat' dir='ltr'><strong>ingentem</strong></span> <span class='ocrx_word' id='word_1_218' title='bbox 1665 3969 1760 4031; x_wconf 88' lang='lat' dir='ltr'><strong>spem</strong></span> <span class='ocrx_word' id='word_1_219' title='bbox 1787 3953 1893 4015; x_wconf 88' lang='lat' dir='ltr'><strong>insula</strong></span> 
     </span>
     <span class='ocr_line' id='line_1_28' title="bbox 663 4053 1973 4146; baseline -0.002 -16"><span class='ocrx_word' id='word_1_220' title='bbox 663 4069 722 4130; x_wconf 91' lang='lat' dir='ltr'><strong>illa</strong></span> <span class='ocrx_word' id='word_1_221' title='bbox 738 4069 904 4146; x_wconf 90' lang='lat' dir='ltr'><strong>potiundi,</strong></span> <span class='ocrx_word' id='word_1_222' title='bbox 925 4068 1001 4130; x_wconf 90' lang='lat' dir='ltr'><strong>dein</strong></span> <span class='ocrx_word' id='word_1_223' title='bbox 1020 4066 1255 4143; x_wconf 76' lang='lat' dir='ltr'><strong>Carthaginem</strong></span> <span class='ocrx_word' id='word_1_224' title='bbox 1276 4067 1473 4144; x_wconf 88' lang='lat' dir='ltr'><strong>debellandi,</strong></span> <span class='ocrx_word' id='word_1_225' title='bbox 1497 4067 1576 4128; x_wconf 91' lang='lat' dir='ltr'><strong>licet</strong></span> <span class='ocrx_word' id='word_1_226' title='bbox 1598 4067 1722 4128; x_wconf 79' lang='lat' dir='ltr'><strong>frustra</strong></span> <span class='ocrx_word' id='word_1_227' title='bbox 1739 4067 1892 4138; x_wconf 81' lang='lat' dir='ltr'><strong>foverint,</strong></span> <span class='ocrx_word' id='word_1_228' title='bbox 1972 4053 1973 4128; x_wconf 60' lang='lat' dir='ltr'>I</span> 
     </span>
     <span class='ocr_line' id='line_1_29' title="bbox 663 4181 1973 4270; baseline -0.005 -26"><span class='ocrx_word' id='word_1_229' title='bbox 663 4185 797 4258; x_wconf 87' lang='lat' dir='ltr'><strong>magnis</strong></span> <span class='ocrx_word' id='word_1_230' title='bbox 831 4187 920 4243; x_wconf 90' lang='lat' dir='ltr'><strong>certe</strong></span> <span class='ocrx_word' id='word_1_231' title='bbox 955 4183 989 4242; x_wconf 91' lang='lat' dir='ltr'><strong>et</strong></span> <span class='ocrx_word' id='word_1_232' title='bbox 1023 4182 1053 4242; x_wconf 91' lang='lat' dir='ltr'><strong>si</strong></span> <span class='ocrx_word' id='word_1_233' title='bbox 1084 4182 1156 4243; x_wconf 89' lang='lat' dir='ltr'><strong>iata</strong></span> <span class='ocrx_word' id='word_1_234' title='bbox 1186 4181 1344 4242; x_wconf 88' lang='lat' dir='ltr'><strong>tulissent</strong></span> <span class='ocrx_word' id='word_1_235' title='bbox 1373 4181 1543 4242; x_wconf 86' lang='lat' dir='ltr'><strong>salutariis</strong></span> <span class='ocrx_word' id='word_1_236' title='bbox 1573 4181 1664 4241; x_wconf 91' lang='lat' dir='ltr'><strong>ausis</strong></span> <span class='ocrx_word' id='word_1_237' title='bbox 1695 4181 1894 4242; x_wconf 87' lang='lat' dir='ltr'><strong>exciderunt.</strong></span> <span class='ocrx_word' id='word_1_238' title='bbox 1972 4265 1973 4270; x_wconf 5' lang='grc' dir='ltr'>ἵ</span> 
     </span>
     <span class='ocr_line' id='line_1_30' title="bbox 664 4294 1895 4371; baseline -0.002 -14"><span class='ocrx_word' id='word_1_239' title='bbox 664 4297 780 4357; x_wconf 79' lang='lat' dir='ltr'><strong>Finem</strong></span> <span class='ocrx_word' id='word_1_240' title='bbox 815 4310 914 4369; x_wconf 86' lang='lat' dir='ltr'><strong>quem</strong></span> <span class='ocrx_word' id='word_1_241' title='bbox 950 4295 1121 4371; x_wconf 80' lang='lat' dir='ltr'><strong>petebant,</strong></span> <span class='ocrx_word' id='word_1_242' title='bbox 1157 4295 1287 4356; x_wconf 89' lang='lat' dir='ltr'><strong>utinam</strong></span> <span class='ocrx_word' id='word_1_243' title='bbox 1318 4297 1433 4356; x_wconf 88' lang='lat' dir='ltr'><strong>essent</strong></span> <span class='ocrx_word' id='word_1_244' title='bbox 1467 4294 1628 4355; x_wconf 83' lang='lat' dir='ltr'><strong>assecuti!</strong></span> <span class='ocrx_word' id='word_1_245' title='bbox 1664 4309 1742 4355; x_wconf 90' lang='lat' dir='ltr'><strong>nam</strong></span> <span class='ocrx_word' id='word_1_246' title='bbox 1777 4308 1895 4369; x_wconf 84' lang='lat' dir='ltr'><strong>magns</strong></span> 
     </span>
     <span class='ocr_line' id='line_1_31' title="bbox 666 4385 1973 4485; baseline -0.002 -15"><span class='ocrx_word' id='word_1_247' title='bbox 666 4410 851 4471; x_wconf 88' lang='lat' dir='ltr'><strong>voluerant.</strong></span> <span class='ocrx_word' id='word_1_248' title='bbox 897 4408 991 4469; x_wconf 89' lang='lat' dir='ltr'><strong>Nunc</strong></span> <span class='ocrx_word' id='word_1_249' title='bbox 1032 4408 1152 4470; x_wconf 90' lang='lat' dir='ltr'><strong>iisdem</strong></span> <span class='ocrx_word' id='word_1_250' title='bbox 1188 4409 1298 4484; x_wconf 89' lang='lat' dir='ltr'><strong>annis,</strong></span> <span class='ocrx_word' id='word_1_251' title='bbox 1338 4407 1457 4482; x_wconf 88' lang='lat' dir='ltr'><strong>quibus</strong></span> <span class='ocrx_word' id='word_1_252' title='bbox 1491 4407 1700 4468; x_wconf 90' lang='lat' dir='ltr'><strong>Athenarum</strong></span> <span class='ocrx_word' id='word_1_253' title='bbox 1733 4411 1895 4485; x_wconf 85' lang='lat' dir='ltr'><strong>potestas,</strong></span> <span class='ocrx_word' id='word_1_254' title='bbox 1972 4385 1973 4402; x_wconf 45' lang='lat'>¹</span> 
     </span>
     <span class='ocr_line' id='line_1_32' title="bbox 665 4521 1896 4600; baseline -0.002 -16"><span class='ocrx_word' id='word_1_255' title='bbox 665 4524 772 4585; x_wconf 89' lang='lat' dir='ltr'><strong>iracta</strong></span> <span class='ocrx_word' id='word_1_256' title='bbox 804 4527 856 4584; x_wconf 90' lang='lat' dir='ltr'><strong>est</strong></span> <span class='ocrx_word' id='word_1_257' title='bbox 879 4523 1021 4600; x_wconf 78' lang='lat' dir='ltr'><strong>Siciliae,</strong></span> <span class='ocrx_word' id='word_1_258' title='bbox 1046 4524 1080 4583; x_wconf 91' lang='lat' dir='ltr'><strong>et</strong></span> <span class='ocrx_word' id='word_1_259' title='bbox 1104 4521 1219 4583; x_wconf 82' lang='lat' dir='ltr'><strong>Graeci</strong></span> <span class='ocrx_word' id='word_1_260' title='bbox 1241 4521 1371 4598; x_wconf 86' lang='lat' dir='ltr'><strong>imperii</strong></span> <span class='ocrx_word' id='word_1_261' title='bbox 1394 4536 1488 4582; x_wconf 90' lang='lat' dir='ltr'><strong>mare</strong></span> <span class='ocrx_word' id='word_1_262' title='bbox 1511 4521 1789 4583; x_wconf 82' lang='lat' dir='ltr'><strong>Mediterraneum</strong></span> <span class='ocrx_word' id='word_1_263' title='bbox 1811 4535 1896 4582; x_wconf 91' lang='lat' dir='ltr'><strong>com·</strong></span> 
     </span>
     <span class='ocr_line' id='line_1_33' title="bbox 667 4635 1608 4713; baseline -0.001 -16"><span class='ocrx_word' id='word_1_264' title='bbox 667 4637 797 4713; x_wconf 87' lang='lat' dir='ltr'><strong>plexuri</strong></span> <span class='ocrx_word' id='word_1_265' title='bbox 820 4651 897 4713; x_wconf 89' lang='lat' dir='ltr'><strong>spes</strong></span> <span class='ocrx_word' id='word_1_266' title='bbox 920 4636 1086 4698; x_wconf 90' lang='lat' dir='ltr'><strong>intercidit</strong></span> <span class='ocrx_word' id='word_1_267' title='bbox 1109 4636 1234 4713; x_wconf 91' lang='lat' dir='ltr'><strong>omnis,</strong></span> <span class='ocrx_word' id='word_1_268' title='bbox 1258 4649 1428 4710; x_wconf 81' lang='lat' dir='ltr'><strong>nunquam</strong></span> <span class='ocrx_word' id='word_1_269' title='bbox 1451 4635 1608 4696; x_wconf 88' lang='lat' dir='ltr'><strong>reditura.</strong></span> 
     </span>
    </p>
   </div>
   <div class='ocr_carea' id='block_1_3' title="bbox 711 4860 1899 5052">
    <p class='ocr_par' dir='ltr' id='par_1_4' title="bbox 711 4860 1899 5052">
     <span class='ocr_line' id='line_1_34' title="bbox 714 4860 1778 4938; baseline -0.003 -12"><span class='ocrx_word' id='word_1_270' title='bbox 714 4865 940 4927; x_wconf 89' lang='lat' dir='ltr'><strong>Athenienses</strong></span> <span class='ocrx_word' id='word_1_271' title='bbox 963 4865 1115 4925; x_wconf 91' lang='lat' dir='ltr'><strong>nuntium</strong></span> <span class='ocrx_word' id='word_1_272' title='bbox 1140 4863 1242 4925; x_wconf 90' lang='lat' dir='ltr'><strong>cladis</strong></span> <span class='ocrx_word' id='word_1_273' title='bbox 1266 4863 1394 4925; x_wconf 82' lang='lat' dir='ltr'><strong>Siculae</strong></span> <span class='ocrx_word' id='word_1_274' title='bbox 1417 4861 1581 4938; x_wconf 86' lang='lat' dir='ltr'><strong>quomodo</strong></span> <span class='ocrx_word' id='word_1_275' title='bbox 1604 4860 1778 4923; x_wconf 84' lang='lat' dir='ltr'><strong>tulerunt?</strong></span> 
     </span>
     <span class='ocr_line' id='line_1_35' title="bbox 711 4974 1899 5052; baseline -0.002 -14"><span class='ocrx_word' id='word_1_276' title='bbox 711 4979 764 5039; x_wconf 89' lang='lat' dir='ltr'><strong>Ita</strong></span> <span class='ocrx_word' id='word_1_277' title='bbox 783 4981 822 5040; x_wconf 91' lang='lat' dir='ltr'><strong>ut</strong></span> <span class='ocrx_word' id='word_1_278' title='bbox 840 4978 967 5040; x_wconf 92' lang='lat' dir='ltr'><strong>duobus</strong></span> <span class='ocrx_word' id='word_1_279' title='bbox 984 4977 1129 5039; x_wconf 90' lang='lat' dir='ltr'><strong>saeculis</strong></span> <span class='ocrx_word' id='word_1_280' title='bbox 1148 4979 1263 5052; x_wconf 86' lang='lat' dir='ltr'><strong>postea</strong></span> <span class='ocrx_word' id='word_1_281' title='bbox 1282 4975 1488 5038; x_wconf 90' lang='lat' dir='ltr'><strong>Cannensem</strong></span> <span class='ocrx_word' id='word_1_282' title='bbox 1500 4975 1593 5038; x_wconf 91' lang='lat' dir='ltr'><strong>illam</strong></span> <span class='ocrx_word' id='word_1_283' title='bbox 1606 4974 1734 5038; x_wconf 90' lang='lat' dir='ltr'><strong>cladem</strong></span> <span class='ocrx_word' id='word_1_284' title='bbox 1747 4975 1899 5037; x_wconf 86' lang='lat' dir='ltr'><strong>Romani.</strong></span> 
     </span>
    </p>
   </div>
   <div class='ocr_carea' id='block_1_4' title="bbox 0 0 2192 6277">
    <p class='ocr_par' dir='ltr' id='par_1_5' title="bbox 0 0 2192 6277">
     <span class='ocr_line' id='line_1_36' title="bbox 0 0 2192 6277; baseline 0 0"><span class='ocrx_word' id='word_1_285' title='bbox 0 0 2192 6277; x_wconf 95' lang='lat' dir='ltr'><strong> </strong></span> 
     </span>
    </p>
   </div>
  </div>
 </body>
</html>
