4375 6284
1018 1983 1097 2062 lv.
1122 1985 1190 2062 De
1212 1989 1356 2082 poeta
1378 2005 1507 2063 sene.

1164 2288 1355 2296 ——-—--

1247 2511 1272 2571 1.

694 2721 830 2798 Fabula,
862 2723 916 2783 cui
944 2722 1112 2783 Ranarum
1137 2737 1258 2783 nomen
1281 2722 1454 2784 ridiculum
1479 2721 1722 2798 Aristophanes
1745 2717 1868 2790 indidit,
1957 2674 1958 2702 1

648 2833 815 2907 aliquanto
850 2835 976 2896 maiore
1010 2835 1080 2896 iure
1115 2834 1215 2896 oloris
1249 2835 1414 2898 canticum
1449 2836 1513 2897 dici
1546 2837 1667 2912 potest.
1699 2833 1758 2894 Est
1787 2831 1869 2892 enim

648 2946 875 3010 valedicentis.
894 2947 1094 3010 Valedloitur
1114 2949 1243 3010 civitati
1260 2948 1427 3011 Pericleae
1438 2957 1473 3011 et
1483 2951 1688 3024 postremum
1700 2945 1871 3023 percipitur

649 3080 715 3126 vox
739 3064 832 3126 chori
855 3064 1016 3126 derebus
1038 3063 1179 3140 puhlicis
1201 3065 1279 3140 quid
1303 3065 1428 3127 sentiat
1450 3064 1552 3126 libere
1575 3063 1764 3140 aperientis.

692 3178 755 3240 Per
783 3177 942 3240 tredecim
975 3177 1049 3239 dein
1080 3192 1184 3241 annos
1206 3178 1284 3240 silet
1306 3179 1402 3240 nohis
1425 3193 1523 3240 musa
1544 3178 1665 3239 iocosa.
1687 3175 1772 3236 Nam
1794 3187 1871 3249 quas

648 3291 827 3367 qualesque
849 3307 909 3368 per
931 3291 1012 3353 illud
1035 3293 1196 3368 temporie
1215 3292 1360 3368 spatium
1380 3295 1478 3369 poeta
1495 3291 1612 3354 iecerit
1629 3290 1759 3352 rabulas
1777 3289 1873 3350 nesci·

649 3420 736 3466 mus.
777 3403 1032 3481 Deperditarum
1066 3405 1194 3480 aliquot
1228 3407 1368 3467 nomina
1402 3406 1565 3467 habemus
1601 3406 1746 3481 cognita,
1777 3404 1872 3464 etiam

649 3534 753 3580 unum
787 3521 820 3580 et
854 3519 997 3581 alterum
1032 3518 1218 3582 tabularum
1255 3521 1307 3582 his
1340 3521 1484 3582 tortasse
1517 3519 1614 3581 annis
1643 3520 1811 3594 natarum,
1842 3519 1873 3577 et

649 3633 792 3710 plurima
809 3637 992 3710 supersunt
1010 3634 1218 3710 fragmenta3
1238 3634 1298 3696 sed
1318 3635 1399 3696 certi
1418 3634 1502 3696 nihil
1521 3636 1675 3696 tenemus
1686 3633 1721 3694 et
1732 3631 1873 3693 inutilior

650 3749 707 3807 vix
736 3747 826 3810 ullus
856 3750 908 3809 est
937 3727 1032 3809 labor
1061 3763 1161 3823 quam
1192 3748 1232 3810 de
1262 3764 1400 3824 operum
1430 3748 1619 3824 ignotorum
1644 3747 1872 3823 compositione

649 3861 703 3923 vel
724 3861 834 3923 indole
856 3860 1058 3938 disputandi.

694 3976 731 4037 id
754 3977 896 4052 scimus,
921 3975 979 4036 illo
1001 3977 1153 4051 tempore
1175 3977 1311 4051 poetam
1335 3974 1459 4036 vidisse
1481 3975 1607 4050 patriae
1630 3975 1814 4036 interitum.

694 4090 869 4152 Obsidione
902 4089 983 4150 urbs
1017 4092 1069 4150 ost
1100 4104 1257 4165 oppressa
1287 4090 1322 4151 et
1351 4089 1450 4150 tamis
1484 4088 1573 4150 diros
1605 4087 1772 4149 cruciatus
1801 4085 1872 4148 tole·

649 4205 763 4264 rarunt
788 4203 891 4280 cives,
922 4203 1026 4264 donec
1055 4203 1157 4263 eiiam
1188 4202 1331 4278 perferre
1360 4217 1426 4264 non
1457 4204 1646 4278 potuerunt.
1671 4200 1757 4262 'lum
1781 4199 1874 4262 celsis

651 4317 857 4377 Athenarum
891 4316 1072 4391 porticibus
1106 4317 1140 4377 et
1174 4316 1310 4392 templis
1344 4330 1512 4378 marmore
1547 4313 1777 4390 candentibus,
1807 4316 1875 4374 tum

651 4430 852 4491 Parthenoni
881 4432 914 4490 et
945 4428 1137 4505 Propylaeis
1167 4443 1207 4490 ea
1239 4443 1313 4490 sore
1343 4430 1470 4490 instare
1503 4430 1574 4490 visa
1603 4431 1654 4490 est
1685 4443 1785 4501 quam
1807 4426 1875 4503 ipsa

651 4543 904 4604 Atheniensium
940 4544 1061 4604 civitas
1094 4543 1242 4618 Aeginae
1276 4547 1310 4604 et
1344 4543 1535 4618 Mitylenae,
1567 4543 1704 4603 Scionae
1733 4545 1767 4603 et
1796 4538 1875 4602 Melo

651 4661 685 4718 et
707 4656 782 4718 aliis
805 4656 940 4718 urbibus
970 4656 1087 4718 multis
1113 4659 1288 4732 paraverat
1311 4655 1403 4718 olim.
1427 4655 1489 4718 Sed
1513 4657 1546 4716 in
1571 4656 1719 4717 hostium
1743 4653 1876 4716 consilio

651 4771 691 4830 de
713 4769 783 4831 tato
806 4770 912 4847 urhis,
937 4785 1037 4845 quam
1060 4770 1224 4831 Pindarus
1247 4769 1405 4832 Graeciae
1428 4785 1539 4831 arcem
1563 4772 1596 4831 et
1619 4770 1719 4831 decus
1737 4768 1876 4840 dixerat,

651 4883 903 4946 deliberantium
931 4885 1100 4947 sententia
1129 4883 1313 4960 praevaluit
1336 4884 1461 4945 mitior.
1486 4885 1556 4946 Non
1580 4884 1671 4946 enim
1694 4881 1735 4944 ah
1759 4881 1877 4942 exteris

653 4999 801 5060 Athenas
826 4999 991 5074 „inclutas
1014 4999 1047 5060 et
1070 4998 1227 5060 candidae
1249 5000 1282 5058 et
1304 4998 1403 5059 violis
1426 4999 1620 5060 coronatas·
1643 4997 1678 5060 in
1701 4995 1876 5075 perniciem
