4375 6284
612 989 616 1000 '
749 999 790 1046 os
813 997 921 1046 ssxuu
944 999 1095 1048 ERADIEO.
1466 986 1530 1049 915

357 1173 530 1236 Recentior
549 1177 583 1236 et
600 1174 743 1235 deterior
760 1177 795 1236 et
811 1175 991 1236 lacunosus
1010 1176 1204 1252 admodum,
1223 1189 1289 1236 non
1308 1175 1404 1251 plane
1423 1180 1537 1239 tamen

322 1287 588 1364 contemnendus,
608 1291 660 1349 est
679 1288 803 1349 saeculi
822 1287 907 1348 xqu
926 1289 1029 1350 codex
1049 1291 1330 1352 Laurentianus
1347 1291 1399 1360 31,
1416 1293 1457 1352 15
1478 1287 1534 1371 (Γ)

320 1403 348 1460 iu
373 1402 491 1462 charts
519 1401 717 1477 bombycina
746 1403 901 1478 scriptus.
935 1402 996 1478 Qui
1026 1405 1158 1477 praeter
1187 1406 1327 1477 quatuor
1350 1404 1538 1478 tragoedias

320 1515 474 1592 Euripidis
494 1516 597 1608 hahet
619 1515 852 1590 Aristophanis
876 1517 1107 1592 Acharncnses,
1127 1517 1354 1578 Ecclesiuzusas
1367 1520 1536 1592 (-1135),

213 1695 214 1716 ,
320 1627 436 1703 Equites
472 1630 604 1700 (desunt
634 1630 838 1705 493-5471,
872 1631 962 1704 Aves,
998 1629 1225 1706 Lysistrctam,
1262 1631 1388 1706 Vespae,
1424 1631 1537 1691 Pacem

320 1743 511 1820 (stt—stt,
547 1743 778 1820 1012-1126,
810 1746 1050 1808 1191-13001.
1076 1744 1188 1807 Habet
1211 1777 1252 1788 —
1276 1746 1380 1806 immo
1403 1746 1537 1808 habuitl

319 1855 393 1917 Nam
426 1860 497 1918 tres
526 1856 605 1918 olim
635 1858 743 1919 evulsi
773 1861 852 1920 sunt
876 1859 1123 1933 quaterniones,
1148 1859 1181 1918 in
1206 1857 1327 1932 quibus
1344 1859 1540 1934 legebantur

318 1972 371 2031 Au.
406 1972 493 2032 1120
523 1987 606 2047 sqq,
637 1972 839 2048 Lysistrsta,
865 1972 962 2049 Vesp.
998 1972 1140 2036 1-420.
1163 1973 1330 2034 Foliorum
1354 1975 1471 2035 horum
1496 1975 1538 2034 24

212 2153 213 2156 ¹
318 2098 388 2158 pars
412 2085 552 2162 interiit,
576 2085 705 2160 reliqua
729 2088 769 2147 15
793 2086 929 2148 Leidam
954 2086 1149 2147 aberrarunt
1164 2081 1197 2161 11,
1221 2087 1396 2162 inquibus
1421 2092 1540 2150 extant

317 2197 372 2258 Av.
399 2200 484 2260 1492
513 2215 583 2276 sqq.
609 2201 685 2275 Lys.
712 2202 829 2276 1-61,
858 2201 1044 2276 139-199,
1070 2201 1259 2277 968-819,
1284 2202 1484 2262 890-1094
1504 2198 1539 2273 ⁸).

318 2310 499 2374 Florentiae
521 2316 701 2389 supersunt
723 2314 802 2376 folia
829 2316 903 2376 loo.

356 2426 392 2486 In
424 2427 566 2503 singulis
595 2429 691 2490 lineis
720 2429 815 2490 binos
846 2444 962 2490 versus
993 2429 1046 2490 hic
1076 2429 1180 2490 codex
1203 2429 1304 2491 habet
1326 2430 1539 2506 perscriptos,

213 2609 214 2632 ἡ
317 2542 346 2599 ct
367 2539 431 2601 hac
453 2543 486 2601 ln
510 2557 545 2604 re
568 2544 602 2604 et
624 2543 695 2619 ipso
719 2546 816 2604 textu
841 2542 1035 2604 simillimus
1059 2542 1163 2604 codici
1186 2544 1226 2604 A.

356 2795 498 2856 Restant
522 2795 805 2856 commemorandi
828 2793 952 2856 saeculi
976 2792 1063 2856 XIVi
1089 2794 1235 2856 codices:

356 2911 638 2974 Laurentianus
655 2913 901 2974 Florentinus
918 2912 988 2972 140
1005 2911 1057 2992 (A
1077 2911 1108 2971 F
1124 2911 1233 2994 9779)
1252 2904 1367 2974 siveO
1387 2910 1538 2973 loliorum

318 3023 387 3100 185,
413 3026 468 3099 qui
492 3024 633 3106 Plutum,
657 3025 772 3100 Nubes,
798 3024 934 3105 Equites,
958 3023 1070 3085 Rcuus
1093 3023 1252 3085 continet.

356 3139 567 3202 Vaticanus
578 3141 747 3203 Urbinas
756 3141 818 3201 141
828 3141 918 3222 (U),
935 3137 1023 3198 foliis
1039 3138 1100 3198 191
1115 3139 1245 3212 praeter
1257 3138 1399 3211 quinque
1411 3137 1540 3199 tabulas

313 3252 484 3327 Sophoclis
514 3253 709 3329 complexus
739 3252 973 3329 Aristophanis
997 3247 1141 3327 Plutum,
1165 3251 1280 3329 Nubes,
1304 3249 1426 3329 Raude,
1451 3252 1540 3313 Auca.

312 3365 349 3426 In
371 3366 517 3442 singulis
538 3366 636 3428 lineis
661 3367 741 3441 bini,
766 3367 820 3428 hic
842 3366 911 3428 illic
934 3367 1036 3442 terni,
1060 3365 1177 3442 scripti
1199 3369 1282 3427 sunt
1303 3381 1438 3441 versus;
1459 3381 1542 3440 quae

313 3483 345 3540 st
368 3480 571 3557 exemplaris
595 3481 681 3542 unde
705 3482 874 3556 excriptus
897 3485 949 3542 cst
972 3480 1035 3542 luit
1057 3482 1144 3541 ratio
1160 3475 1193 3550 ⁸).

353 3595 653 3658 Mediolanensis
681 3597 959 3659 Ambrosianus
990 3596 1020 3656 L
1046 3595 1094 3657 89
1125 3594 1342 3670 bombycinus
1365 3596 1462 3678 (M),
1485 3595 1541 3669 qui

311 3713 441 3782 praeter
471 3709 634 3785 Euripidis
664 3712 733 3770 tres
768 3708 1006 3784 Sophoclisque
1031 3709 1115 3769 dues
1144 3707 1275 3769 fabulas
1305 3723 1381 3768 cum
1405 3708 1541 3769 scholiis

312 3814 344 3881 in
378 3823 469 3885 loliis
498 3823 652 3885 89-991
685 3824 785 3884 habet
814 3823 1044 3898 Aristophanis
1074 3818 1224 3899 Plutum,
1255 3822 1375 3897 Nubes,
1400 3822 1540 3898 Equites,

312 3937 391 4000 Aves
414 3938 582 4009 1-1641).

355 4179 548 4254 Sequuntur
571 4178 696 4240 saeculi
720 4175 790 4239 xvi
817 4177 963 4239 codices:

354 4293 597 4357 Monacensis
622 4294 687 4355 187
714 4294 806 4377 (N).
837 4291 980 4368 Plutum,
1012 4291 1128 4366 Nubes,
1159 4287 1282 4365 Itanos,
1311 4290 1541 4352 Ecctestacucos

311 4405 415 4468 habet
437 4409 470 4468 in
495 4407 584 4468 loliis
611 4408 751 4481 1-105,
776 4406 851 4468 dein
874 4405 1025 4479 Dionysii
1050 4405 1139 4465 orbis
1163 4405 1429 4479 descriptionem.

357 4523 594 4586 Hauniensis
625 4522 729 4584 1980.
764 4521 883 4580 Insunt
917 4513 1043 4594 Plutus,
1079 4518 1197 4594 Nubes,
1239 4519 1366 4594 Ranae,
1402 4519 1540 4592 Equites,

345 4837 363 4902 ¹)
376 4841 432 4890 Ubi
450 4845 577 4891 vocantur
606 4841 736 4890 Vossianus
752 4840 878 4889 Lcidaesrr't
895 4843 936 4890 59.
953 4842 975 4888 A
991 4840 1084 4888 multis
1102 4840 1248 4887 editoribus
1271 4837 1337 4886 Voss.
1355 4837 1396 4884 rel
1415 4834 1482 4882 Leid.
1501 4839 1543 4883 est

310 4922 426 5058 malmsb
443 5001 554 5060 Lysistr.
571 5000 674 5059 Proles.
692 5014 717 5060 p.
735 4999 888 5048 xli-xiv.

343 5077 363 5140 Ι)
382 5081 427 5129 Os.
444 5081 610 5129 Piooolominl
627 5079 703 5126 studi
719 5080 820 5126 itsliani
840 5080 905 5126 1998
924 5093 949 5139 p.
968 5079 1016 5124 419
1036 5091 1093 5136 sqq.
