4375 6284
727 983 806 1029 vrrs
828 984 868 1030 nr·
891 981 1061 1030 ornamus.
1446 969 1507 1029 lei

331 1160 398 1220 lam
428 1173 506 1220 vero
536 1158 650 1220 minus
679 1158 782 1220 etlam
813 1191 854 1202 —
882 1155 911 1218 si
934 1157 1043 1232 potest
1066 1156 1179 1217 minus
1204 1188 1244 1200 -
1268 1155 1435 1217 incertum
1459 1158 1512 1217 est

295 1275 440 1350 Dionyso,
464 1288 578 1350 preces
599 1273 676 1336 illae
699 1273 861 1348 quomodo
884 1273 1013 1348 possint
1036 1271 1147 1333 renui:
1174 1271 1220 1348 ,0
1244 1269 1339 1347 hone,
1358 1270 1511 1346 frigidam

297 1393 436 1464 ,noctem
454 1390 532 1465 quid
551 1388 714 1464 quereris!
738 1388 883 1450 'luorum
901 1387 1006 1464 ipsius
1025 1387 1123 1449 modo
1137 1386 1310 1448 verborum
1324 1386 1511 1448 recordare:

462 1504 563 1580 ,Quis
585 1504 678 1565 novit
700 1517 742 1564 an
766 1503 851 1564 mori
874 1502 918 1563 sit
941 1501 1002 1564 hoc
1026 1501 1113 1576 quod
1136 1501 1295 1578 vivimus,

463 1618 523 1695 ,Et
546 1619 619 1695 ipsa
640 1633 731 1680 mors
754 1617 825 1679 uita
847 1631 889 1678 an
912 1617 1073 1678 habeatur
1092 1617 1232 1679 inieris?
1256 1649 1299 1659 -

296 1733 401 1808 ,Hanc
417 1736 512 1795 tuam
533 1733 741 1808 secretisque
759 1730 957 1809 sapientiam
976 1731 1061 1794 habe
1080 1731 1142 1792 tibi
1162 1746 1325 1805 seruaque
1344 1730 1515 1807 sepulcro:

296 1848 510 1923 ,profuturam
532 1848 667 1925 speroi”

333 2078 515 2153 Aeschylus
547 2077 649 2154 igitur
683 2093 758 2139 cum
794 2075 940 2151 Dionyso
971 2076 1004 2136 in
1028 2074 1129 2136 huius
1159 2074 1248 2136 vitae
1277 2075 1385 2137 lucem
1415 2075 1513 2153 rodit,

293 2191 412 2252 inlerua
440 2191 518 2254 sede
549 2191 736 2254 concredita
765 2189 932 2267 Sophocli,
963 2189 1020 2264 qui
1043 2187 1158 2251 sedulo
1182 2202 1299 2250 cavere
1321 2187 1452 2251 iubetur
1473 2205 1515 2251 ne

295 2307 440 2367 uersutus
462 2308 498 2367 61
519 2307 625 2368 fallax
647 2308 712 2368 iste
735 2304 854 2368 nebulo
877 2304 1020 2365 insidere
1043 2303 1159 2381 possit.

332 2416 440 2491 Usque
462 2419 505 2480 ad
528 2419 666 2482 ultimos
689 2421 803 2480 autem
824 2416 910 2479 lines
932 2416 1025 2493 regni
1047 2417 1191 2479 Plutonli
1210 2417 1309 2480 deum
1329 2420 1362 2479 ot
1380 2420 1514 2494 poetam

294 2529 443 2594 abeuntes
476 2533 597 2596 chorus
631 2533 819 2594 animarum
851 2531 1025 2594 beatarum
1054 2532 1143 2593 laeta
1172 2546 1293 2609 pompa
1325 2533 1379 2593 est
1407 2547 1513 2608 prose·

294 2646 434 2722 cuturus,
460 2646 501 2707 ad
524 2647 710 2708 carminum
733 2645 839 2722 ipsius
861 2645 978 2708 modos
1000 2646 1121 2707 martio
1145 2645 1299 2720 ingressu
1323 2646 1512 2709 comitatus.

293 2755 329 2816 itt
359 2758 555 2821 munuscula
583 2759 745 2835 quaedam
776 2759 940 2834 Aeschylo
971 2759 1073 2820 tradit
1102 2758 1199 2820 Pluto
1222 2774 1240 2821 e
1263 2759 1405 2838 regione,
1429 2761 1515 2822 unde

295 2871 346 2931 rix
365 2875 536 2949 quisquam
556 2875 655 2936 rediit
672 2889 832 2951 unquam,
853 2875 894 2935 ad
914 2875 1005 2936 cives
1024 2874 1186 2948 quosdam
1204 2873 1406 2950 perferenda.
1424 2873 1512 2935 Cleo·

294 2985 402 3060 phonti
430 2989 501 3049 viro
531 2987 686 3051 bellicoso
718 2991 751 3050 et
781 2988 857 3050 inde
880 2988 919 3048 ab
944 3003 1029 3049 auno
1048 2988 1113 3048 411
1139 2987 1281 3062 partium
1304 2987 1512 3063 popularium

293 3101 363 3162 duci
383 3117 507 3179 ensem,
528 3104 735 3167 Archenomo
755 3103 936 3164 Adimanto
954 3101 1029 3163 aliis
1049 3117 1177 3165 venena
1195 3105 1228 3164 61
1245 3103 1381 3178 laqueos
1397 3102 1514 3180 mittit,

292 3215 364 3286 quid
381 3216 448 3277 1111
465 3216 571 3278 velint
592 3216 819 3279 intellecturos
842 3217 946 3277 ratus.
971 3214 1115 3277 cunctos
1138 3215 1232 3277 brevi
1249 3216 1284 3277 in
1302 3230 1399 3278 suam
1420 3215 1515 3278 dicio·

291 3339 365 3389 nem
387 3335 578 3393 coacturum
601 3345 639 3392 se
662 3333 798 3409 sperat„

331 3441 496 3520 cleophon
531 3445 631 3506 homo
665 3446 704 3505 ut
736 3442 953 3505 inconsultior
986 3443 1129 3504 tortasse
1160 3445 1194 3504 et
1224 3444 1436 3520 temerarius,
1468 3444 1515 3505 ita

291 3554 407 3628 probus
439 3559 473 3618 61
507 3557 633 3633 patriae
663 3571 795 3636 amans,
830 3557 943 3633 paucis
973 3557 1146 3618 mensibus
1176 3560 1252 3632 post
1281 3573 1339 3634 per
1369 3558 1513 3634 speciem

290 3670 450 3739 quandam
482 3670 595 3732 iudicii
625 3685 643 3730 e
673 3670 782 3731 medio
813 3673 866 3731 est
899 3670 1068 3744 sublatum
1100 3670 1300 3732 Adimantus
1331 3671 1372 3732 ad
1405 3672 1515 3748 Aegos

289 3784 456 3854 potamum
480 3799 586 3845 naves
609 3782 763 3845 hostibus
786 3786 844 3845 aut
866 3783 1002 3845 tradidit
1024 3786 1083 3844 aut
1105 3783 1313 3859 prodidit...

875 4060 916 4122 X.

330 4237 385 4299 Sic
417 4239 449 4300 in
484 4239 577 4301 exitu
609 4239 755 4316 fabulae,
790 4253 874 4313 quae
905 4238 1148 4301 hilarissimum
1179 4237 1294 4300 habuit
1324 4238 1512 4314 exordium,

288 4349 417 4412 striduli
458 4353 592 4426 quidam
633 4354 706 4417 soni
743 4353 908 4415 malorum
941 4353 1093 4429 praesagi
1128 4353 1368 4430 interstrepunt
1401 4353 1514 4429 verba,

288 4475 368 4535 uuae
391 4465 539 4527 laetioris
562 4469 642 4528 sunt
663 4467 806 4543 augurii.

328 4577 526 4641 Hilarumne
559 4581 756 4643 exordium?
769 4625 777 4642 .
791 4626 820 4642 ..
853 4581 932 4657 Quis
955 4582 1069 4657 negati
1094 4580 1247 4643 Hilarum
1271 4595 1351 4642 sane
1375 4583 1410 4642 et
1432 4580 1514 4641 iace·

288 4691 357 4752 tum
380 4696 417 4754 et
437 4694 633 4768 tranquillae
656 4694 803 4756 laetitiae
821 4695 928 4756 nitore
947 4695 1089 4769 quodam
1110 4695 1297 4770 perfusum!
1321 4695 1383 4756 Sed
1402 4697 1514 4756 tamen

288 4802 341 4864 alii
369 4821 499 4881 quoque
528 4808 563 4868 in
590 4807 699 4884 prima
720 4806 779 4869 illa
801 4806 932 4870 fabulae
954 4811 1048 4884 parte
1070 4809 1297 4885 percipiuntur
1321 4809 1406 4871 soni.
1430 4809 1514 4869 Nam

288 4917 347 4980 iter
369 4919 414 4980 ad
436 4920 559 4983 inlares
581 4936 657 4982 cum
675 4921 820 4983 initurus
839 4924 893 4983 est
910 4921 1090 5000 Dionysus,
1115 4922 1251 4985 effertur
1269 4922 1513 4997 homoquidam

288 5035 457 5111 mortuus;
481 5051 581 5111 quem
604 5036 652 5098 sic
675 5034 872 5109 alloquitur:
