4375 6284
741 973 820 1016 vrrs
842 971 882 1015 nr
905 970 1073 1016 ornamus.
1484 954 1523 1013 13

314 1161 380 1206 cum
398 1145 477 1205 viris
494 1143 707 1221 popularibus
725 1143 846 1221 facero,
871 1143 1013 1218 patriam
1036 1143 1071 1203 in
1090 1142 1263 1203 interitum
1283 1157 1377 1203 ruore
1395 1140 1527 1202 facilius

313 1253 445 1320 ferentes
463 1273 563 1332 quam
583 1258 662 1319 novi
680 1257 840 1333 temporis
858 1257 996 1318 consilia
1007 1256 1148 1318 feliciter
1159 1256 1200 1318 ad
1212 1259 1370 1318 eventum
1381 1255 1526 1331 perduci.

349 1371 482 1433 Illorum
505 1371 679 1433 hominum
702 1370 812 1432 studia
835 1373 892 1432 aut
911 1372 1026 1446 aperta
1045 1371 1104 1430 aut
1121 1369 1328 1430 clandestina
1347 1369 1524 1431 Athenien·

310 1485 389 1545 sium
408 1484 623 1560 reipublicae
641 1499 810 1561 nunquam
830 1499 895 1546 non
916 1487 1099 1546 nocuerunt
1121 1486 1156 1544 et
1173 1498 1272 1559 saepe
1291 1483 1471 1545 effecerunt
1489 1485 1527 1544 ut

311 1599 409 1660 caecis
426 1599 591 1660 erroribus
610 1615 630 1660 a
647 1600 702 1660 via
720 1599 840 1660 salutis
859 1599 1049 1661 discederet.
1069 1598 1142 1659 Non
1161 1601 1300 1659 externa
1318 1597 1376 1659 sed
1395 1598 1527 1659 interna

310 1713 391 1774 luere
414 1713 566 1788 vulnera,
590 1729 674 1788 quae
692 1713 820 1774 civitati
839 1713 1026 1774 subduxere
1044 1727 1143 1773 sucos
1161 1715 1263 1787 utque
1281 1712 1357 1775 tabe
1376 1712 1526 1773 conlecta

311 1841 378 1887 cum
400 1830 472 1889 tota
495 1827 631 1889 Graecia
653 1827 776 1902 periret
799 1823 987 1888 effecerunt.

889 2104 943 2165 IV.

349 2281 419 2344 lllis
447 2283 557 2359 annis,
589 2283 707 2358 qulbus
733 2281 857 2345 frustra
879 2281 965 2346 enisi
988 2285 1067 2345 sunt
1088 2283 1314 2346 Athenienses
1336 2287 1374 2345 ut
1399 2289 1527 2346 ceteros

312 2395 446 2458 Graecos
476 2397 511 2456 ln
541 2395 705 2458 dicionem
736 2411 833 2458 suam
864 2399 1019 2473 cogerent
1047 2399 1082 2458 ot
1105 2397 1362 2473 Spartiatarum,
1387 2412 1526 2471 quorum

312 2508 456 2571 dominos
477 2509 607 2572 futuros
629 2526 666 2572 so
688 2513 918 2588 speraverant,
944 2511 1025 2572 socii
1047 2510 1155 2572 denuo
1178 2512 1258 2572 sunt
1276 2511 1368 2588 lacti,
1394 2514 1526 2572 —tum

313 2639 381 2684 cum
410 2623 527 2685 cimon
557 2624 662 2699 gloria
693 2627 830 2701 paterna
861 2623 1007 2684 inclutus
1035 2625 1106 2683 vita
1136 2625 1237 2685 cessit
1264 2626 1298 2685 et
1319 2624 1463 2686 Pericles
1486 2624 1528 2685 ad

312 2750 474 2799 summam
503 2739 704 2812 potestatem
736 2738 959 2813 honoremque
990 2737 1142 2812 pervenit
1164 2751 1225 2798 rex
1247 2751 1312 2798 non
1336 2742 1527 2813 coronatus,

315 2849 342 2908 ln
370 2851 501 2912 Atticas
532 2851 639 2927 aliquo
670 2851 802 2927 praedio
833 2854 933 2911 natus
963 2852 1014 2910 est
1040 2864 1132 2926 puer,
1163 2851 1215 2911 cui
1239 2851 1274 2910 in
1296 2851 1375 2911 satis
1398 2854 1471 2912 erat
1491 2855 1529 2913 ut

314 2977 415 3024 rorum
445 2966 701 3040 praeteritarum
733 2964 916 3026 admirator
938 2964 1119 3025 acerrimus
1139 2964 1301 3026 existeret
1324 2967 1359 3026 et
1379 2965 1529 3027 laudator

315 3091 393 3137 unus
419 3079 567 3139 omnium
597 3078 857 3153 disertissimum
889 3078 944 3152 qui
971 3078 1117 3140 civitatis
1139 3077 1310 3157 instituta,
1340 3078 1527 3153 aequalium

314 3205 417 3252 moras
446 3195 480 3254 et
502 3191 613 3254 studia
636 3207 711 3254 cum
735 3193 865 3269 publica
889 3195 960 3253 tum
985 3193 1130 3268 privata,
1154 3192 1341 3253 admirabili
1364 3195 1435 3253 arte
1459 3196 1529 3253 erat

313 3303 507 3382 depicturus,
528 3309 566 3367 ut
584 3322 626 3368 ex
645 3307 718 3368 aius
735 3307 887 3382 operibus
905 3305 1152 3367 immortalibus
1175 3307 1277 3368 otiam
1295 3321 1371 3367 sora
1389 3306 1530 3367 disceret

314 3421 481 3489 posteritas
511 3420 618 3496 qualis
646 3421 766 3483 luisset
788 3420 1041 3483 Atheniensium
1067 3420 1126 3481 illa
1150 3419 1283 3497 civitas,
1307 3421 1360 3481 cui
1383 3420 1527 3481 similem

314 3533 414 3595 terrae
436 3549 501 3596 non
524 3535 688 3596 viderunt.

355 3647 418 3709 Sub
450 3649 581 3711 Atticae
615 3650 705 3710 caelo
738 3649 848 3723 aprico
882 3648 1122 3723 Aristophanes
1156 3663 1236 3724 puer
1270 3647 1416 3710 adolevit
1444 3649 1530 3709 inter

315 3763 411 3832 patris
429 3762 570 3839 Philippi
587 3777 668 3822 arva
686 3764 719 3823 et
735 3763 860 3822 vineas.
880 3762 929 3822 lbi
949 3761 1024 3822 indo
1043 3777 1063 3822 a
1081 3761 1205 3822 tenella
1220 3761 1362 3822 infantia
1376 3761 1527 3822 ludorum

315 3874 413 3936 testes
440 3875 524 3938 fldas
554 3880 588 3939 at
610 3891 705 3938 caras
729 3875 845 3937 habuit
867 3876 973 3937 olivas
995 3879 1029 3936 et
1051 3874 1133 3937 licus
1155 3879 1320 3950 paternas.
1344 3875 1465 3935 Didicit
1485 3875 1531 3936 ihi

316 3989 387 4058 quid
416 3989 521 4062 laetas
554 3990 677 4052 laceret
712 3992 857 4065 segetes,
890 3990 967 4064 quid
997 3991 1076 4050 vota
1114 3988 1334 4064 agricolarum
1367 3988 1530 4062 eluderet;

316 4105 480 4165 consuevit
501 4105 547 4165 ibi
569 4119 644 4166 cum
669 4105 771 4165 variis
791 4119 873 4178 quae
892 4119 949 4164 rus
969 4105 1002 4164 et
1020 4107 1151 4165 montes
1172 4102 1295 4165 habent
1314 4102 1528 4179 animalibus,

317 4218 440 4280 mature
463 4219 617 4295 cognovit
640 4233 720 4294 apes
738 4221 772 4280 et
789 4217 998 4294 scarabaeos,
1019 4217 1151 4278 cicadas
1170 4219 1204 4277 et
1221 4215 1418 4293 papiliones,
1440 4217 1531 4276 varia

317 4329 422 4390 avium
450 4347 573 4407 genera
599 4335 633 4394 et
655 4331 813 4393 bestiolas
836 4332 998 4406 repentes.
1023 4329 1241 4392 Mustelarum
1265 4327 1412 4390 latebras
1435 4329 1530 4390 rima·

317 4439 416 4521 batur,
439 4447 538 4508 bacas
560 4448 593 4508 et
616 4461 719 4508 nuces
742 4446 870 4520 legebat
894 4459 951 4521 per
969 4459 1065 4520 sepes
1085 4447 1119 4504 ot
1137 4457 1288 4518 nemora,
1307 4444 1395 4503 inter
1412 4457 1532 4517 pecora

318 4569 473 4634 canesque
502 4561 697 4636 pastoricios
722 4559 868 4620 lascivus
890 4557 1168 4619 tumultuabatur.
1192 4557 1233 4617 lit
1254 4557 1389 4632 puerilia
1411 4557 1532 4617 aetatis

317 4669 463 4736 libertate
491 4677 569 4737 dum
601 4673 828 4750 perfruebatur
857 4687 1008 4734 crescens
1036 4676 1135 4747 poeta
1163 4673 1262 4746 inque
1292 4685 1373 4731 sano
1398 4684 1531 4745 corporo

318 4797 394 4846 sana
424 4803 516 4850 mens
548 4786 813 4863 confirmabatur,
844 4787 953 4863 magis
982 4786 1156 4861 magisque
1184 4785 1338 4860 flagravit
1363 4798 1475 4845 amoro
1498 4787 1531 4844 et

318 4897 529 4963 admiratione
559 4903 667 4964 terrae
696 4900 833 4977 natalis,
865 4917 908 4962 ox
938 4915 1002 4974 qua
1025 4915 1108 4975 gens
1131 4900 1241 4961 Attica
1263 4898 1342 4959 olim
1365 4898 1399 4958 in
1422 4897 1529 4958 lucem

320 5013 487 5086 prodiisset
502 5014 711 5077 saeculorum
726 5014 920 5092 primordio,
937 5013 978 5074 ab
994 5013 1177 5075 Erechtheo
1193 5015 1227 5074 ot
1239 5011 1380 5087 cecrope
1392 5011 1531 5085 aliisque
