4375 6284
720 959 799 1006 vine
819 962 859 1006 nr
881 961 1056 1007 obterens.
1469 944 1508 1004 15

293 1152 412 1211 rumque
430 1136 522 1198 cultu
542 1150 607 1197 non
626 1137 805 1210 aequarent
822 1133 1055 1210 AtbenieneeS,
1073 1133 1199 1194 mentia
1221 1134 1336 1193 tamen
1354 1131 1508 1191 acumine

295 1251 444 1326 patrieeve
467 1263 579 1311 amore
594 1241 646 1310 'iie
668 1264 734 1310 non
759 1249 931 1311 cederent!

329 1477 440 1540 tristis
469 1477 550 1538 baec
579 1477 644 1538 init
673 1477 906 1553 Aristophanis
936 1491 1023 1554 eore,
1054 1477 1140 1552 quod
1173 1475 1307 1552 penitus
1339 1490 1414 1536 cum
1442 1489 1507 1551 per-

294 1593 418 1654 sentiret
440 1607 542 1653 unam
563 1605 637 1652 eeee
659 1589 778 1652 debere
802 1590 990 1669 Graeciam,
1013 1593 1052 1651 ut
1073 1589 1177 1651 libera
1200 1592 1234 1651 et
1256 1604 1276 1649 a
1300 1589 1411 1651 Persis
1434 1591 1509 1649 tuta

295 1720 355 1766 enee
374 1706 500 1781 posset,
525 1719 591 1766 non
614 1706 727 1766 tamen
750 1703 857 1765 eeneit
881 1718 981 1764 unam
1005 1702 1076 1764 fieri
1100 1718 1166 1764 non
1186 1718 1285 1778 posse
1305 1703 1370 1765 nisi
1390 1703 1510 1778 Sparta

294 1819 482 1880 subiceretur
510 1817 662 1880 Athenis.
694 1817 844 1893 Pugnare
866 1817 988 1878 iratres
1012 1817 1088 1878 illos
1111 1817 1243 1879 iubebat
1265 1815 1371 1877 iatum
1396 1817 1509 1877 inexo-

294 1932 397 1994 rabile:
428 1946 575 2008 pugnam
605 1929 736 1993 differre
766 1930 1168 2006 licebataliquantieper,
1200 1945 1265 1991 non
1297 1929 1417 1991 licebat
1439 1946 1507 2006 per-

295 2049 379 2120 petuo
401 2046 600 2119 detrectare;
624 2044 737 2122 itaque
764 2045 794 2105 ei
818 2045 873 2120 qni
897 2045 937 2105 ad
961 2045 1143 2132 ineundum
1167 2044 1248 2106 illud
1270 2043 1394 2105 bellum
1418 2044 1509 2104 cives

295 2174 362 2220 euos
383 2158 556 2236 urgebant,
581 2173 646 2220 nen
672 2157 775 2235 impia
798 2159 988 2234 malignare
1012 2157 1151 2219 levitate
1173 2156 1310 2233 impulsi
1332 2158 1366 2218 in
1384 2158 1510 2218 incerta

296 2273 408 2332 temere
423 2271 576 2348 ruebant,
597 2271 655 2332 eed
673 2274 706 2333 et
722 2286 802 2332 auae
819 2271 948 2333 civitati
965 2272 998 2332 et
1015 2271 1078 2332 toti
1095 2270 1250 2332 Graeciae
1266 2271 1510 2332 benevolentes

298 2397 419 2458 operam
438 2384 561 2446 dabant
578 2387 616 2445 ut
633 2385 742 2461 patria
761 2385 1024 2460 quamprimum
1044 2400 1082 2446 eo
1104 2385 1277 2446 duceretur
1294 2400 1357 2459 quo
1376 2387 1511 2446 vocaret

298 2495 426 2558 senuna.
463 2501 507 2559 At
537 2497 629 2561 duris
658 2498 981 2575 inclementibnsqne
1010 2499 1239 2560 huiuscemodi
1270 2499 1416 2560 consiliis
1445 2512 1510 2559 non

300 2615 360 2672 erat
381 2613 470 2674 locus
491 2613 527 2673 in
549 2613 646 2674 corde
668 2615 787 2690 poetae
812 2613 950 2674 invenie.
