4375 6284
645 935 709 995 202
882 953 1173 1000 emmaum
1196 952 1367 999 uotum
1389 954 1432 999 οτι
1454 954 1656 1011 nouom„

644 1123 750 1203 μερικά
779 1134 873 1187 ταῦτα
903 1127 945 1199 ελς
968 1125 1078 1204 πολλά,
1102 1126 1143 1199 εἰς
1166 1128 1415 1207 προλογέξοντας,
1437 1126 1479 1199 εἰς
1501 1124 1662 1207 ἀγγέλους,
1683 1128 1726 1200 εἷς
1749 1126 1850 1209 ἐξαγγέ-

643 1242 733 1315 λους,
766 1239 809 1312 εές
843 1239 1069 1318 κατασκόπους,
1102 1240 1143 1313 εἰς
1174 1242 1328 1319 φύλακας,
1357 1240 1399 1313 εἰς
1429 1240 1545 1320 ἥρωας,
1574 1240 1617 1314 εές
1639 1240 1734 1314 θεοὺς
1756 1242 1802 1303 καὶ
1820 1243 1854 1315 εἰς

645 1352 719 1414 άλλα
742 1354 845 1434 μόρια.

623 1547 626 1552 y
690 1469 805 1530 τούτων
839 1460 896 1530 οδν
930 1470 1101 1549 προσώπων
1131 1468 1165 1530 τδ
1196 1469 1267 1531 δλον
1298 1467 1472 1547 άθροισμα,
1501 1464 1592 1530 όκαλ
1616 1468 1704 1549 χορδς
1728 1469 1856 1545 ἐκαλεῖτο,

644 1581 783 1643 εἰσελθὸν
817 1581 859 1654 εἰς
892 1580 949 1660 τήν
980 1578 1161 1663 ὀρχήστραν,
1191 1580 1230 1661 ἣν
1260 1582 1380 1660 ἔφασαν
1410 1581 1462 1644 καλ
1491 1587 1610 1664 λογεῖον
1632 1582 1774 1655 (ἐκαλεῖτο
1795 1580 1857 1660 δέή

645 1694 805 1768 εέσέλευσις
835 1696 965 1773 εἴσοδος,
994 1696 1046 1759 καέ
1069 1696 1214 1775 ἐπήλυσις
1237 1695 1289 1759 καλ
1312 1696 1450 1777 ἐπίβασις
1473 1696 1526 1758 καλ
1547 1697 1684 1776 πάροδος
1707 1696 1758 1759 καλ
1774 1699 1858 1775 παρά-

645 1809 759 1888 βασις),
782 1808 919 1872 εἰσελθὸν
934 1803 998 1876 ,οάν
1021 1810 1072 1872 καλ
1095 1810 1237 1892 παραβδιν
1260 1811 1303 1884 εἰς
1332 1810 1387 1890 τήν
1410 1808 1577 1891 ὀρχήστραν
1600 1812 1675 1892 πρὸς
1703 1813 1773 1885 τοὺς
1794 1811 1858 1872 όπο

645 1923 748 2003 κριτὰς
781 1924 833 1985 τδν
866 1925 958 2006 λόγον
991 1915 1193 2004 ποιούμενον,
1226 1924 1259 1987 τὸ
1289 1925 1454 2003 πρόσωπον
1485 1923 1597 2004 βλέπον
1627 1920 1685 2006 εἶχε
1717 1925 1791 2005 πρδς
1813 1924 1860 2002 τήν

645 2040 772 2118 σκηνήν·
806 2038 991 2114 ἐξελθόντων
1025 2037 1059 2101 δέ
1092 2050 1153 2101 τῶν
1188 2038 1375 2119 ὑποκριτῶν,
1408 2038 1483 2119 πρὸς
1513 2039 1546 2101 τὸ
1576 2050 1630 2102 τοῦ
1661 2041 1761 2119 δήμου
1783 2038 1860 2120 μέρος

644 2150 798 2233 ἐστρέφετο
820 2152 842 2234 ἦ
865 2153 898 2215 ιδ
921 2154 1020 2229 δεξιδν
1042 2152 1064 2233 ἢ
1086 2153 1119 2215 τὸ
1140 2152 1305 2234 ἀριστερόν·
1325 2151 1378 2214 καλ
1400 2154 1493 2214 πάλιν
1512 2152 1726 2232 ἀπεστρέφετο
1745 2154 1818 2233 πρδς
1834 2154 1861 2213 τὸ

644 2266 744 2347 ἕτερον
772 2266 823 2328 καλ
854 2266 933 2349 ἐλεγέ
962 2292 990 2329 τι
1019 2265 1171 2347 ἑκατέροις
1197 2273 1259 2340 τοῖς
1286 2265 1395 2347 μέρεσι·
1418 2260 1480 2329 εἶτα
1504 2266 1640 2348 ἐξήρχετο
1663 2267 1715 2329 καλ
1738 2267 1816 2341 τέλος
1835 2267 1862 2327 τό

646 2382 745 2461 δρᾶμα
775 2380 951 2461 ἐλάμβανεν.
981 2391 1075 2443 ταῦτα
1106 2379 1161 2460 μέν
1191 2374 1248 2444 οὖν
1280 2374 1358 2461 ἦσαν
1387 2380 1535 2461 πρακτικὰ
1564 2380 1692 2462 τέσσαρα
1716 2382 1790 2462 μέρη
1818 2390 1864 2442 τοῦ

649 2497 808 2576 δράματος·
837 2496 1023 2575 παράβασις,
1051 2496 1182 2574 στροφή,
1212 2495 1411 2574 ἀντίστροφος
1433 2494 1484 2557 καλ
1506 2495 1618 2570 ἔξοδος.
1641 2495 1692 2557 καὶ
1716 2495 1817 2577 λογικά
1838 2491 1864 2555 δέ

647 2610 722 2689 μέρη
741 2609 835 2687 αὐτῆς
853 2607 989 2688 τέσσαρα
1007 2608 1074 2670 ἀντὶ
1091 2610 1289 2687 παραβάσεως
1313 2608 1410 2689 ήγοον
1433 2610 1552 2689 πρώτης
1575 2611 1691 2689 βάσεως
1714 2611 1866 2690 πρόλογος,

647 2722 714 2783 ἀντὶ
741 2721 774 2784 δέ
805 2732 936 2801 στροφῆς
965 2722 1017 2784 καὶ
1048 2722 1252 2800 ἀντιστρόφου
1283 2721 1346 2807 ᾠδή
1376 2722 1427 2784 καλ
1457 2721 1577 2806 άντφδή
1608 2720 1628 2803 ή
1651 2722 1801 2803 ἐπίρρημα
1823 2720 1866 2781 καὶ

647 2836 869 2917 άντεπλρρημα,
897 2836 964 2898 άντλ
993 2834 1026 2897 δὲ
1056 2836 1163 2911 ἐξόδου
1194 2835 1257 2921 ᾠδή
1287 2835 1338 2898 καὶ
1361 2837 1442 2919 βήμα
1465 2836 1623 2916 ἐξιτήριον.
1645 2846 1740 2898 ταῦτα
1763 2834 1816 2915 μὲν
1837 2833 1866 2895 τά

645 2950 774 3030 τέσσαρα
800 2951 875 3031 μέρη
897 2951 1044 3032 πρακτικὰ
1066 2952 1118 3012 καὶ
1140 2952 1245 3031 λογικά
1264 2962 1323 3012 τῶν
1344 2952 1537 3031 δραματικῶν
1556 2954 1734 3031 ποιημάτων
1754 2950 1867 3029 δπήρηε.

694 3076 754 3128 τῶν
773 3063 806 3127 δέ
823 3071 953 3144 λυρικῶν
974 3067 1211 3147 συγγραμμάτων
1227 3065 1293 3144 τρία
1304 3057 1384 3145 ἦσαν
1396 3066 1431 3126 τά
1443 3064 1526 3145 μέρη·
1539 3066 1666 3145 στροφή,
1676 3064 1868 3145 άντέστροφος

647 3179 699 3243 καλ
720 3180 824 3256 ἔξοδος
845 3179 866 3260 ἢ
890 3179 1045 3257 ἐξέλευσις,
1066 3180 1224 3258 πρακτικά·
1247 3178 1353 3259 λογικά
1376 3176 1409 3241 δέ
1431 3180 1511 3264 ᾠδή,
1533 3179 1653 3266 ιἰντφδή
1676 3180 1726 3241 καὶ
1751 3178 1867 3264 ἐττμδός.

647 3292 668 3374 ἡ
690 3287 748 3357 οὖν
771 3293 891 3380 άντῳδή
915 3304 950 3379 τη
973 3295 1038 3378 ᾠδῇ
1060 3294 1243 3371 ἰσαρίθμους
1263 3292 1319 3372 ἔχει
1343 3294 1461 3372 στίχους
1484 3291 1536 3354 καλ
1554 3300 1616 3367 τοῖς
1636 3294 1741 3367 αὐτοῖς
1760 3292 1868 3372 μέτροις

648 3408 771 3488 ἑκατέρα
793 3417 906 3488 χρῆται.
931 3405 947 3469 δ
971 3402 1005 3468 δέ
1027 3406 1143 3493 ἐπῳδὸς
1166 3408 1301 3487 διάφορα
1325 3406 1447 3469 ἐκείνων
1470 3406 1528 3486 ἐχει
1550 3406 1601 3468 καλ
1622 3417 1663 3491 τῷ
1683 3407 1807 3491 ἀριθμῷ
1825 3402 1869 3465 καλ

648 3534 684 3607 τῇ
703 3522 837 3601 ποιότητι
861 3521 1010 3599 οόδαμοῦ.
1032 3520 1219 3602 ἐφθέγγοντο
1239 3518 1273 3581 δέ
1295 3520 1346 3581 καὶ
1369 3522 1401 3583 οἱ
1420 3520 1538 3601 λυρικοέ
1560 3520 1636 3601 πρὸς
1659 3520 1783 3603 ἑκάτερα
1802 3522 1869 3599 μέρη
1962 3510 1963 3547 ³

648 3646 703 3699 τοῦ
726 3637 825 3715 δήμου
848 3633 990 3715 δρῶντες,
1013 3645 1133 3714 πρῶτον
1156 3632 1212 3713 μὲν
1235 3634 1290 3712 τήν
1314 3635 1412 3719 ᾠδήν,
1434 3629 1496 3696 εἶτα
1519 3635 1576 3713 τήν
1598 3634 1749 3722 άντφδήν,
1774 3634 1822 3697 ἐπὶ
1841 3630 1869 3694 δὲ
1962 3678 1963 3685 1

648 3762 688 3836 τῷ
718 3748 792 3812 τέλει
822 3749 874 3810 τδν
905 3748 1023 3835 ἐπφδδν
1045 3748 1143 3830 ήγουν
1167 3748 1339 3833 όστερῳδήν
1362 3771 1393 3810 τε
1415 3747 1467 3809 καὶ
1489 3747 1643 3830 ἐπίλογον,
1666 3750 1708 3823 εἰς
1731 3750 1821 3829 εδχδς
1842 3748 1869 3807 τὸ
1962 3788 1963 3813 ,

648 3870 785 3927 πλεῖστον
808 3863 908 3925 αὐτῶν
931 3863 1155 3941 περικλεέοντες.
1174 3863 1335 3941 προοίμιον
1356 3860 1389 3923 δὲ
1408 3864 1527 3935 τούτοις
1546 3861 1603 3924 οὐκ
1621 3855 1661 3942 ἦν
1680 3861 1720 3937 ὡς
1740 3862 1871 3937 ἐκείνοις,

650 3978 696 4039 ότι
724 3977 787 4056 άμα
816 3988 856 4061 τῷ
887 3976 1034 4037 εἰσελθεῖν
1060 3977 1103 4049 εἰς
1133 3975 1166 4037 τό
1189 3974 1321 4054 θέατρον
1343 3976 1420 4053 πρὸς
1443 3975 1495 4037 τὸν
1519 3977 1619 4056 δῆμον
1642 3976 1822 4057 στραφέντες
1843 3974 1870 4034 τὸ

650 4092 724 4155 αότδ
747 4092 848 4173 ε’λιγον
870 4089 922 4151 καὶ
945 4090 1081 4169 στροφήν
1105 4090 1157 4151 καλ
1179 4091 1350 4171 προοίμιον.
