4375 6284
755 954 796 998 nr
820 954 927 1000 uuxru
950 954 1103 1001 uauoruo.
1479 941 1543 1001 297

335 1127 406 1208 λόγια
441 1131 555 1187 καλεῖ
585 1147 629 1205 με.
665 1126 737 1188 Ηοο
766 1127 902 1188 demum
933 1129 986 1188 est
1017 1141 1143 1202 sapere.
1175 1126 1404 1203 Archetypum
1432 1127 1549 1189 habuit

334 1231 648 1327 ιαμενλογιῖιλιαλλειμε.

370 1361 419 1424 Sic
443 1363 545 1423 etiam
568 1361 655 1422 Plut.
680 1360 744 1421 725
768 1362 942 1435 corruptus
965 1362 1018 1420 eet
1040 1360 1074 1419 in
1097 1358 1178 1420 VR:

369 1469 401 1534 ἵν’
426 1472 647 1554 ὑπομνύμενον
671 1475 732 1545 (oio
754 1472 914 1534 Glrardue
936 1488 995 1550 pro
1018 1469 1074 1543 ἐπ.)
1098 1473 1206 1534 παύσω
1230 1489 1262 1533 αα
1285 1471 1337 1545 τὰς
1360 1471 1526 1552 ἐκκλησίας.

366 1588 474 1650 Immo
493 1592 556 1660 ταῖς
575 1586 761 1666 ἐκκλησίαις,
780 1587 865 1663 quod
877 1587 1013 1662 praebet
1024 1586 1187 1648 scholion.
1200 1587 1335 1648 Codices
1347 1589 1548 1650 recentiores

331 1703 450 1766 obsedit
473 1705 759 1782 paradiorthoma:
784 1709 835 1779 τῆς
859 1699 1023 1780 ἐκκλησίας.

594 1957 632 2039 8)
652 1958 707 2017 De
728 1957 953 2032 permutatis
974 1957 1118 2018 litteris
1136 1972 1161 2038 η
1183 1960 1221 2018 et
1241 1972 1280 2017 o).

367 2169 438 2231 Non
468 2169 503 2230 in
534 2167 722 2229 minuscula
752 2168 941 2228 litteratura
971 2167 1028 2228 sed
1058 2169 1093 2227 in
1115 2167 1222 2230 multo
1246 2169 1430 2242 antiquiore
1452 2169 1549 2230 facile

329 2283 507 2358 permutari
530 2283 638 2358 potuit
660 2281 774 2343 littera
796 2303 816 2358 η
840 2296 915 2342 eum
940 2302 963 2341 ο
987 2284 1021 2342 et
1044 2295 1142 2356 saepe
1165 2284 1355 2358 permutata
1372 2286 1434 2345 eet.
1454 2284 1548 2358 Apud

328 2399 509 2461 Homerum
540 2415 582 2461 ex
612 2398 802 2459 huiusmodi
834 2397 1000 2459 erroribus
1022 2400 1121 2459 natae
1144 2399 1222 2458 eunt
1246 2397 1406 2459 lectiones
1428 2398 1550 2475 πήληκα

327 2528 381 2588 pro
414 2511 543 2589 κώληπα
580 2516 615 2572 Ψ
643 2514 718 2588 726,
751 2509 905 2589 ἕπιβήταρι
935 2511 1039 2588 μήλων
1070 2527 1128 2587 pro
1158 2511 1283 2589 -βώκορι
1312 2534 1330 2570 ν
1360 2513 1440 2589 222,
1465 2528 1550 2587 quae

327 2625 419 2688 lectio
452 2626 643 2688 defensores
673 2629 707 2687 et
737 2626 935 2701 interpretes
966 2627 1063 2686 nacta
1086 2628 1139 2686 eet
1162 2626 1249 2686 haud
1273 2625 1440 2702 illepidos:
1467 2626 1551 2703 ,ἐπι-

330 2740 435 2824 ,στάπῃ
468 2737 489 2819 ἢ
520 2737 804 2819 ἒφιππασκῇρι·
829 2739 861 2800 ol
881 2738 938 2820 γὰρ
962 2747 1022 2799 τῶν
1044 2737 1195 2818 βασιλέων
1220 2737 1282 2800 νίοί
1305 2738 1354 2800 eni
1376 2749 1435 2800 τῶν
1456 2750 1550 2819 κριῶν

330 2853 487 2929 ,ἱππεύειν
511 2851 712 2930 ἐμάνθανον”
736 2854 915 2930 (Hesych.),
942 2854 1080 2930 δινηθείς
1103 2869 1161 2929 pro
1184 2853 1326 2926 ἰδνωθείς
1345 2878 1362 2932 χ
1381 2855 1434 2917 85.
1455 2856 1550 2931 Apud

326 2969 488 3030 comicum
506 2972 619 3030 autem
632 2967 709 3028 hinc
722 2968 884 3042 originem
897 2968 1002 3029 traxit
1014 2968 1134 3028 vitium
1147 2968 1364 3030 manifestum
1378 2975 1439 3030 Av.
1456 2970 1551 3046 1582,

327 3083 378 3143 ubl
401 3083 436 3143 in
460 3082 529 3142 VR
553 3083 672 3144 ceteris
694 3085 763 3143 eet:

725 3189 784 3254 ἀλλ’
810 3193 957 3255 ἐπικνῶ
980 3193 1013 3255 τὸ
1037 3194 1169 3272 σίλφιον.

368 3312 458 3388 Quae
487 3311 644 3384 quoniam
671 3325 737 3371 non
760 3311 974 3386 respondeatis
998 3311 1056 3371 sed
1078 3310 1212 3371 iubentia
1235 3324 1309 3372 esee
1332 3311 1434 3371 verbe
1456 3311 1552 3372 docet

326 3430 519 3503 contextus,
556 3427 648 3486 certa
683 3428 735 3485 est
768 3424 908 3487 Dobraei
939 3426 1145 3486 emendatio:
1176 3419 1235 3485 ἀλλ’
1268 3424 1425 3502 λπλκνη,
1454 3426 1551 3500 idque

325 3540 406 3616 legit
435 3540 516 3603 olim
548 3541 603 3615 qui
634 3540 811 3601 annotavit
841 3541 927 3614 quod
957 3541 992 3599 in
1014 3539 1042 3600 R
1067 3541 1119 3600 est
1140 3540 1362 3615 adscriptum:
1390 3538 1476 3616 „rivel
1499 3548 1553 3600 κοῦ

326 3651 499 3736 inituim,
534 3669 595 3715 neo
629 3669 695 3715 non
731 3653 760 3714 is
796 3655 848 3714 cui
883 3654 1012 3728 longior
1043 3655 1165 3715 codicis
1196 3654 1224 3712 V
1253 3655 1390 3716 debetur
1419 3654 1551 3717 notula:

329 3769 435 3845 ,δοκεῖ
449 3769 525 3847 πρὸς
547 3773 689 3848 μάγειρον
709 3767 822 3828 οίκεῑον
843 3765 1037 3848 διαλέγεσθαι
1054 3765 1103 3828 ἐπὶ
1114 3779 1153 3852 τῷ
1167 3768 1338 3847 εὐτρεπίσαι
1350 3767 1383 3830 τὸ
1396 3769 1553 3829 διῖπνον.”

369 3887 436 3948 Neo
468 3885 581 3946 minue
608 3884 699 3944 certa
722 3882 954 3944 emendatione
976 3897 1115 3944 manum
1138 3887 1256 3958 poetae
1280 3884 1429 3944 restituit
1453 3883 1554 3944 vHer·

326 4002 457 4064 werden
488 4001 522 4060 in
553 3999 592 4060 ir.
623 3998 686 4058 387
716 3997 801 4073 apud
825 3997 1004 4059 stobaeum
1032 3998 1150 4076 allato,
1174 3999 1230 4058 ubi
1254 3999 1342 4060 inter
1364 3998 1451 4059 bona
1467 4011 1551 4073 quae

327 4117 422 4178 affert
446 4131 512 4193 pax
536 4115 820 4176 commemoretur
843 4111 875 4172 τὸ
900 4109 1025 4172 ἀκούειν
1049 4109 1159 4189 φανὴν
1182 4111 1292 4192 κρυμὸς

725 4225 767 4298 εἰς
789 4225 920 4304 λεκάνην
945 4223 1197 4304 ὠθουμένας,

326 4344 431 4407 immo
454 4339 706 4422 κἠθοομένης,
729 4342 808 4402 dum
828 4341 1016 4418 percolatur.

372 4458 478 4519 Simili
511 4457 595 4518 vitio
617 4455 745 4518 laborat
768 4457 884 4517 textus
907 4455 1040 4517 Theem.
1069 4457 1169 4531 1031,
1195 4471 1259 4530 quo
1282 4455 1354 4517 loco
1377 4456 1554 4530 personata

327 4572 540 4634 Andromeda

772 4683 808 4744 οὐ
832 4676 945 4762 χοραῖπ’
973 4676 1041 4743 οὐδ’

728 4796 882 4876 ἒφηλίκων
905 4796 1055 4858 νεανίδων

683 4921 820 4991 ψῆφον
844 4912 972 4991 κημὸν
995 4907 1090 4990 ἕστηκ’
1116 4911 1233 4993 ἄγουσα

329 5031 475 5104 queritur
499 5034 587 5093 teste
611 4999 721 5090 oodice
744 5027 780 5090 R.
807 5027 894 5105 Quae
917 5027 1019 5089 verba
1037 5032 1117 5090 sunt
1135 5029 1207 5091 eine
1225 5042 1340 5107 sensu,
1361 5041 1461 5087 arena
1480 5025 1552 5088 eine
