4375 6284
231 1249 235 1380 l

751 985 793 1031 DE
816 983 924 1030 'PEX'PU
946 982 1100 1028 rilnmro.

404 1160 487 1222 Plut.
512 1160 595 1222 908:

666 1273 716 1344 σύς
740 1272 770 1331 τί
790 1271 949 1348 μαδάινς
976 1304 1016 1314 -
1040 1271 1198 1350 βούλομαι.

330 1387 403 1464 Quod
425 1387 559 1464 vitium,
586 1403 606 1448 a
625 1386 800 1462 scaligeris
819 1385 980 1448 Bentleiie
997 1385 1173 1446 Brunelriis
1191 1384 1395 1446 Hermnnnis
1407 1385 1539 1447 (lebetis

329 1519 376 1564 suo
407 1503 513 1578 pretio
549 1501 673 1563 dudum
699 1501 932 1577 aestimatum,
958 1499 1044 1576 apud
1068 1499 1228 1574 quosdam
1259 1500 1372 1560 temen
1397 1500 1541 1561 editores

327 1618 422 1678 neseio
445 1617 609 1692 quomodo
632 1617 666 1676 in
689 1616 814 1677 honore
837 1615 1024 1692 permansit
1047 1629 1152 1688 usque
1174 1614 1214 1674 ed
1239 1613 1327 1674 huno
1350 1613 1450 1674 diem.

361 1731 557 1793 Litterarum
593 1732 626 1788 Π
658 1731 692 1792 et
727 1731 765 1788 M
797 1728 982 1790 similitudo
1017 1729 1120 1790 etiem
1155 1727 1289 1788 Thesm.
1322 1729 1387 1788 656
1419 1727 1538 1787 vitium

326 1847 449 1920 peperit.
474 1846 545 1923 Quo
567 1845 639 1906 loco
663 1843 755 1906 ohori
779 1845 845 1904 dux
870 1843 918 1904 sic
942 1841 1073 1904 sodales
1096 1842 1306 1903 cohortatur:

422 1955 501 2036 ἡμᾶς
522 1958 627 2018 τοίνυν
651 1955 723 2034 μετὰ
746 1951 823 2016 τοῦτ’
848 1954 908 2034 ἤδη
931 1954 983 2028 ιδις
1005 1955 1165 2032 λαμπάδας
1189 1951 1349 2032 ἁψαμένας
1371 1953 1427 2035 χρὴ

423 2070 631 2149 ξυζωσαμένας
654 2062 688 2132 τύ
711 2069 876 2149 κάνδρείως
898 2079 958 2131 τῶν
980 2065 1013 2130 δ’
1041 2069 1168 2148 ἱματίων
1191 2067 1397 2142 ἀποδύσας

426 2188 522 2264 ζητεῖν
545 2185 575 2244 εἴ
593 2207 655 2246 που
677 2184 786 2257 κάλλος
809 2207 852 2257 τις
875 2182 952 2264 άνὴρ
976 2183 1146 2263 ἀνελήλυθε
1168 2182 1236 2262 nri,

324 2301 372 2361 sed
395 2303 433 2361 ut
455 2303 530 2378 apte
553 2302 707 2362 decurret
731 2300 958 2376 enuntiatum,
982 2300 1159 2374 legendum
1183 2301 1253 2361 est:

901 2422 960 2474 τῶν
983 2407 1015 2473 δ’
1040 2413 1168 2488 ίματίων
1191 2410 1425 2490 άμελούσας.

324 2539 405 2600 Abiit
431 2541 532 2615 igitur
558 2537 813 2600 AMeAscAc
837 2537 871 2597 in
896 2536 1154 2598 ΑΠΟΔΊΟΑΟ.

359 2653 408 2714 Ad
438 2653 571 2713 litteras
601 2658 632 2710 A
661 2656 695 2714 et
720 2657 746 2710 A
768 2654 977 2727 permutatas
1000 2651 1050 2711 sie
1072 2652 1298 2727 pervenimus.
1322 2651 1540 2712 Luculentum

322 2766 504 2843 exemplum
528 2767 664 2842 praebet
685 2768 759 2828 Pae.
784 2767 868 2827 959:

558 2879 628 2958 φέρε
652 2881 704 2959 δή,
727 2881 759 2940 τδ
783 2881 801 2941 δ
810 2881 855 2940 αδ
864 2880 926 2940 ίον
949 2874 1011 2939 τύδ’
1039 2877 1167 2958 ἐμβάψω
1190 2879 1301 2958 λαβών.

321 2993 367 3056 sio
399 2995 437 3072 V,
473 2997 556 3056 item
590 2997 632 3072 R,
668 2996 835 3071 adscripto
871 2995 973 3056 etiem
1008 2994 1077 3055 iota
1107 2993 1259 3070 (δαιδλον),
1291 2996 1325 3054 et
1354 2994 1451 3055 facile
1482 3010 1540 3069 pro

319 3108 440 3185 integro
482 3109 597 3170 haberi
637 3113 752 3187 posset
786 3125 917 3186 versus,
953 3109 1019 3170 nisi
1054 3109 1195 3169 meliora
1228 3107 1383 3169 docerent
1414 3108 1541 3169 scholia

321 3222 417 3297 ipsius
446 3225 570 3286 codicis
599 3224 645 3285 V:
679 3223 778 3302 ,οὕτω
810 3223 874 3284 διά
904 3231 970 3284 τοῦ
992 3211 1018 3281 ἶ
1040 3220 1055 3282 δ
1081 3220 1135 3299 τήν
1157 3220 1294 3299 κωμικὴν
1316 3221 1437 3302 γράψας
1459 3219 1539 3294 λέξιν

320 3332 545 3414 ἀναγινώσκω,
570 3339 643 3400 dein
667 3340 796 3400 sincera
819 3339 899 3399 haee
917 3337 1016 3399 lectio
1036 3337 1197 3406 (δαλίον)
1217 3336 1403 3398 defenditur
1423 3336 1541 3397 collato

320 3447 476 3527 Euripidis
507 3468 607 3513 versu
638 3452 735 3514 Herc.
766 3453 849 3514 928:
882 3451 1017 3529 „uiliore
1040 3447 1073 3510 δὲ
1097 3447 1190 3510 talto
1212 3448 1286 3528 χειρί
1310 3450 1392 3533 δεξιᾷ
1415 3447 1541 3525 φέρειν”

321 3567 377 3626 etc.
409 3570 442 3628 et
468 3567 618 3628 additur:
645 3566 713 3642 „tri
737 3565 787 3627 καί
812 3567 849 3628 ού
872 3567 1033 3648 γραπτέον.
1057 3567 1098 3639 ὥς
1120 3589 1207 3640 τινες,
1230 3541 1278 3637 δά,
1299 3563 1407 3626 ίκανδν
1429 3563 1485 3645 γὰρ
1508 3566 1541 3625 τδ

323 3677 488 3754 Εὐριπίδου
512 3680 554 3752 εἰς
576 3681 707 3740 πέπονθ’
731 3681 821 3758 Quod
844 3680 995 3743 scholion
1015 3682 1136 3742 misere
1155 3682 1364 3741 decurtatum
1384 3683 1433 3750 (ut
1451 3695 1540 3742 esso·

319 3789 371 3861 let)
393 3793 530 3869 praebet
552 3795 593 3870 R,
619 3795 676 3855 ubi
699 3794 819 3856 ultime
843 3799 923 3856 sunt
945 3794 1063 3856 verba:
1091 3816 1155 3873 ,γρ
1180 3789 1212 3852 δὲ
1235 3790 1284 3852 καλ
1309 3792 1446 3854 δαλίον.”

359 3907 428 3968 Non
470 3909 583 3970 minus
613 3909 754 3984 insignis
785 3909 1014 3971 huiuscemodi
1044 3924 1134 3970 error
1164 3906 1540 3984 estVeep.115't,ubl

319 4021 465 4093 regnetis
503 4023 591 4083 vitiis
624 4023 790 4099 deturpati
825 4025 904 4084 sunt
937 4023 1049 4084 vicini.
1080 4021 1310 4097 Bdelyoleonis
1340 4035 1415 4082 eum
1445 4024 1539 4098 patre

319 4131 513 4208 colloquium
537 4137 570 4196 in
595 4136 622 4196 R
645 4139 693 4198 sio
716 4139 768 4198 est
792 4141 987 4198 exaratum:

459 4283 500 4290 -
537 4247 589 4330 άγε
612 4259 671 4310 νῦν
694 4248 877 4311 δποδύον
900 4249 952 4321 τὰς
975 4248 1163 4326 καταράτους
1186 4246 1328 4328 ἐμβάδας.

536 4362 624 4423 τδισδί
646 4359 674 4424 δ’
701 4362 816 4436 ἀνύσας
839 4361 1022 4424 ὑπόδυθι
1045 4361 1097 4435 τδτς
1121 4361 1298 4435 λακωνικάς.

448 4484 514 4549 (-)
538 4477 595 4559 ἐγὼ
618 4478 675 4560 γὰρ
699 4476 737 4539 ἂν
760 4479 865 4558 τλαίην
888 4477 1177 4539 δποδύσασθαί
1198 4499 1269 4537 ποτε

537 4592 655 4673 ἐχθρῶν
678 4588 745 4672 παρ’
771 4591 892 4671 ἀνδρῶν
916 4592 1053 4670 δυσμενῆ
1077 4592 1258 4668 καττύματα·

318 4707 350 4766 et
372 4708 483 4781 paucis
506 4707 727 4769 intermissis:

458 4856 501 4865 -
535 4819 653 4882 άνυσδν
675 4815 746 4882 ποθ’
773 4818 1080 4897 ύποδυσάμενος
1108 4816 1165 4878 κτὲ.

360 4934 445 5011 Ques
468 4937 584 4998 sordes
607 4951 693 4996 novo
717 4935 800 4996 vitio
823 4934 1049 5010 (καταράτους)
1073 4935 1190 4994 auctas
1213 4934 1350 5008 praebet
1371 4933 1409 4995 V.
1429 4935 1540 5010 Neque

317 5046 552 5111 ὑπολύεσθαι
573 5051 725 5126 verbum,
746 5063 852 5125 neque
871 5049 957 5125 quod
978 5048 1008 5109 ei
1026 5048 1221 5123 oppositum
1232 5049 1286 5108 est
1304 5045 1539 5108 ὑποδεῖσθαι
