4375 6284
648 858 713 916 312
1087 873 1131 917 nn
1152 873 1260 916 rnxru
1283 872 1435 917 rannmo.

692 1045 752 1121 Qui
782 1044 839 1106 illo
870 1043 956 1119 loco,
987 1044 1044 1105 ubi
1071 1045 1105 1105 in
1137 1044 1305 1106 codicibus
1328 1045 1459 1122 legitur,
1483 1047 1648 1108 molestus
1670 1049 1736 1124 est,
1759 1047 1861 1121 itaque

647 1160 770 1222 dudum
800 1163 833 1222 in
865 1160 1040 1222 infamiam
1070 1160 1199 1237 incidit,
1233 1175 1312 1221 nam
1334 1162 1368 1221 in
1391 1161 1529 1222 scholiis
1551 1161 1581 1222 V
1602 1162 1739 1237 legitur:
1765 1159 1861 1236 ,ἀδια-

647 1274 754 1353 νόηιος
786 1271 803 1334 i
834 1274 977 1353 ἴαμβος”,
1009 1276 1142 1349 iamque
1172 1275 1207 1334 in
1238 1274 1440 1338 editionibus
1469 1291 1511 1336 ne
1540 1277 1710 1338 numerari
1738 1275 1863 1350 quidem

647 1388 750 1462 solet;
769 1391 828 1451 sed
850 1393 927 1464 post
946 1403 1082 1450 versum
1107 1389 1171 1449 818
1196 1387 1393 1466 collocatus,
1421 1389 1454 1449 in
1477 1389 1543 1452 tine
1566 1390 1727 1466 longioris
1747 1389 1867 1469 ῥήσεις,
1973 1452 1974 1479 ἶ

647 1503 843 1578 aptissimus
865 1508 929 1567 ast.
952 1502 1029 1564 Veri
1053 1502 1213 1564 indicium
1235 1501 1337 1563 habet
1359 1501 1465 1564 altera
1486 1519 1563 1579 pars
1582 1504 1720 1565 scholii:
1742 1501 1783 1582 ,ἢ
1798 1503 1867 1582 πρὸς
1973 1520 1974 1581 3

647 1615 682 1676 τὰ
711 1615 775 1676 ἄνω
805 1621 866 1686 (vs.
898 1617 985 1688 803)·
1015 1613 1067 1676 καὶ
1095 1624 1190 1676 ταῦτα
1218 1611 1315 1693 μηδὲν
1338 1611 1515 1695 ἐξενεγκόντ’
1546 1617 1684 1696 οἴκοθεν,
1714 1618 1794 1680 οὕτω
1814 1617 1867 1698 γὰρ
1973 1592 1974 1611 ¹

646 1725 706 1807 ἡδὺ
730 1731 852 1810 πρᾶγμά
875 1728 935 1790 ἐστι
957 1729 991 1790 τὸ
1013 1731 1189 1792 πλουτεῖν”.
1210 1729 1417 1805 Quamquam
1440 1746 1506 1791 non
1527 1731 1585 1792 ille
1602 1747 1701 1806 quem
1725 1733 1866 1794 scholion

647 1844 771 1905 indicat
793 1845 969 1920 respicitur
992 1859 1124 1922 versus,
1148 1844 1206 1905 sed
1229 1845 1405 1918 proximus
1427 1850 1490 1915 (vs.
1513 1845 1607 1915 8021:

824 1955 864 2030 ὡς
886 1953 946 2034 ἡδὺ
970 1958 1121 2034 πράττειν,
1143 1950 1272 2035 ὦνδρες,
1292 1951 1347 2016 ἔστ’
1374 1955 1573 2033 εὐδαιμόνως.

691 2073 729 2132 In
760 2071 825 2132 fine
854 2072 1060 2132 narrationis
1082 2087 1202 2133 servus
1225 2069 1479 2152 (ἀρισιοφανικῶς
1502 2073 1597 2144 πάνυ)
1620 2074 1663 2135 ad
1685 2075 1795 2150 prima
1814 2090 1869 2134 soa

647 2186 749 2248 verba
772 2186 866 2247 redit.

692 2301 801 2361 Etiam
823 2315 939 2362 versus
959 2300 1023 2361 897
1042 2299 1194 2361 eiusdem
1214 2300 1348 2362 fabulae
1364 2300 1531 2362 aberravit
1550 2301 1707 2363 inlocum
1719 2303 1865 2363 alienum.

647 2415 686 2476 In
709 2417 805 2475 textu
828 2414 951 2475 tradito
974 2412 1106 2476 Carioni
1128 2416 1276 2490 roganti:

826 2526 1023 2605 κακόδαιμον,
1045 2524 1204 2606 ὀσφραίνει
1226 2550 1270 2600 τι;

649 2644 884 2720 respondetur:

1314 2766 1368 2818 τοῦ
1391 2757 1511 2836 ψύχους
1534 2753 1557 2838 γ’
1584 2758 1666 2831 ἴσως·

825 2870 888 2932 ἐπεὶ
911 2870 1051 2932 τοιοῦτόν
1073 2867 1098 2950 γ’
1124 2869 1285 2949 ἀμπέχεται
1307 2872 1479 2952 τριβώνιον.

692 2986 781 3062 Quae
812 2987 871 3047 vix
900 2988 935 3047 et
963 3001 1003 3047 ne
1034 2987 1093 3047 vix
1124 2986 1257 3061 quidam
1288 2990 1431 3062 possunt
1455 2986 1626 3062 explicari.
1649 2987 1714 3048 Sed
1738 2989 1794 3062 qni
1815 2988 1867 3047 boc

647 3100 719 3162 loco
743 3100 1006 3162 molestissimus
1030 3101 1082 3160 est
1104 3115 1236 3177 versus,
1259 3100 1425 3161 scribatur
1447 3102 1524 3176 post
1545 3101 1625 3162 957:

1008 3211 1084 3274 ἰδὼν
1105 3210 1161 3293 γὰρ
1184 3212 1280 3273 αὐτὸν
1301 3213 1448 3293 γνώσεται

825 3327 870 3390 ὅτι
892 3323 947 3389 ἔστ’
974 3326 1093 3389 ἐκείνου
1116 3335 1170 3388 τοῦ
1193 3336 1333 3406 πονηροῦ
1355 3327 1524 3406 κόμματος,

831 3440 921 3503 <inei
944 3440 1083 3502 τοιοῦτόν
1107 3436 1131 3522 γ’
1158 3439 1320 3520 ἀμπέχεται
1343 3442 1533 3522 τριβώνιον)

649 3561 683 3620 et
707 3558 910 3618 utilissimus
939 3555 977 3616 nt
1000 3556 1041 3617 ad
1064 3556 1266 3632 explendum
1290 3557 1515 3634 enuntiatum,
1538 3558 1626 3632 qnod
1648 3559 1724 3619 sins
1746 3573 1785 3619 eo
1806 3559 1871 3618 erat

648 3687 806 3734 mancum
833 3673 931 3746 atque
958 3671 1108 3745 elumbe;
1138 3672 1278 3732 indicari
1309 3673 1397 3733 enim
1429 3673 1542 3733 debuit
1564 3688 1631 3747 quo
1653 3673 1777 3734 indicio
1797 3685 1874 3731 usus

647 3786 817 3847 balneator
843 3787 1021 3869 ‚bominem
1053 3785 1236 3846 scelestum
1261 3800 1322 3847 suo
1349 3788 1468 3847 statim
1499 3787 1607 3863 pretio
1640 3787 1874 3848 aestimaturus

647 3905 749 3963 esset.
773 3901 853 3962 Vitii
876 3903 989 3961 autem
1022 3915 1159 3961 causam
1190 3901 1339 3962 ostendit
1369 3900 1412 3977 R,
1445 3903 1480 3961 in
1511 3916 1575 3976 quo
1593 3903 1736 3978 popinae
1750 3901 1874 3978 ρήνιιιιι
1973 3892 1974 3901 ’

646 4033 754 4078 omnm
784 4018 836 4077 est
861 4015 938 4076 897.
964 4015 1117 4077 omissus
1143 4015 1245 4090 igitur
1268 4015 1363 4092 enm,
1387 4016 1462 4077 dein
1482 4016 1516 4075 in
1539 4017 1690 4091 margine
1711 4015 1872 4092 superiora
1973 4096 1974 4107 ρ

648 4131 837 4209 suppletus,
861 4145 941 4191 mox
964 4144 1024 4207 pro
1048 4129 1189 4205 paginae
1212 4129 1320 4206 primo
1342 4129 1477 4191 babitus
1498 4132 1561 4191 est.

770 4412 827 4488 14)
849 4411 903 4472 De
925 4410 1059 4472 verbis
1081 4411 1253 4486 vulgatis
1272 4411 1355 4472 loco
1376 4412 1571 4472 rariorum
1591 4413 1757 4488 seriptis.

693 4596 787 4658 Nunc
810 4597 987 4658 dicendum
1012 4599 1063 4657 est
1087 4595 1211 4670 aliquid
1235 4596 1275 4657 de
1298 4610 1450 4656 errorum
1468 4597 1612 4670 quodam
1631 4613 1765 4672 genere,
1784 4595 1872 4657 cuius
1973 4662 1974 4687 ρ

648 4711 731 4772 certi
763 4709 845 4771 fines
875 4709 1035 4772 constitui
1066 4725 1132 4769 non
1163 4713 1314 4786 possunt.
1341 4709 1496 4786 Quisquis
1518 4724 1585 4770 non
1608 4711 1696 4772 satis
1717 4707 1869 4781 intellegit
1973 4726 1974 4765 l

647 4839 732 4899 queo
762 4824 917 4899 excribit‚
943 4823 1053 4883 verbis
1085 4823 1263 4896 exquisitis
1292 4823 1443 4899 vulgata,
1476 4823 1668 4885 nominibus
1702 4821 1870 4886 rarioribus
1973 4846 1974 4923 ρ

650 4938 843 5013 quotidiana
884 4937 1087 4998 substituere
1128 4936 1215 4998 solet
1255 4936 1461 5013 imprudens.
1504 4937 1557 4998 Sic
1597 4937 1633 4998 in
1674 4937 1867 5014 Argumento
