4375 6284
657 947 723 1008 208
1172 960 1215 1005 or
1237 958 1367 1007 mars.

656 1132 807 1209 polimina
824 1147 891 1195 non
910 1131 1107 1193 admittebat
1123 1132 1311 1207 tragoedia3
1331 1133 1476 1195 comicos
1495 1149 1573 1195 voro
1591 1134 1677 1197 hano
1695 1136 1797 1213 iopen
1812 1152 1865 1198 non

657 1263 791 1311 curasse
819 1247 947 1323 primus
975 1246 1094 1308 statim
1116 1246 1244 1321 primae
1266 1260 1352 1321 quae
1374 1247 1415 1308 ad
1438 1262 1499 1309 noe
1521 1250 1675 1325 pervenit
1696 1251 1867 1313 comoediae

657 1362 923 1439 Aristophaneao
945 1361 1040 1422 docet
1061 1374 1198 1421 versus:

879 1473 936 1535 ὅσα
958 1470 998 1550 δὴ
1020 1470 1168 1553 δέδηγμαι
1190 1470 1246 1551 τὴν
1269 1471 1346 1551 &pou
1365 1473 1371 1553 Ι
1392 1482 1446 1535 rod
1469 1498 1526 1555 adp
1547 1474 1553 1555 Ι
1572 1476 1644 1538 δίαν
1661 1474 1694 1549 ¹).

701 1590 870 1668 Dootyim
903 1587 1081 1665 spernebat
1102 1604 1162 1665 pos
1183 1588 1313 1663 walter
1335 1590 1481 1653 trimetri
1501 1592 1632 1669 tragici,
1657 1593 1742 1669 apud
1759 1594 1870 1654 Aristo

656 1705 800 1782 pirenem
821 1704 880 1766 illa
901 1705 980 1766 sede
1002 1703 1157 1778 dactylus
1180 1703 1267 1765 haud
1290 1704 1340 1765 ita
1362 1718 1437 1765 raro
1459 1705 1632 1781 reperitur.

701 1881 853 1957 Syllabas
874 1882 1024 1957 σπείρω
1041 1882 1158 1957 poetae
1174 1881 1291 1956 trapid
1309 1896 1369 1957 pro
1392 1881 1501 1957 longis
1518 1898 1753 1977 nonnunquam
1775 1886 1871 1961 priseo

656 2011 749 2056 moro
764 1995 995 2073 adhibuerunt,
1009 2028 1048 2041 -
1061 1998 1170 2057 metro
1181 1995 1374 2071 plerumque
1386 1996 1501 2074 coacti,
1517 2030 1558 2042 -
1572 2011 1741 2073 nunquam
1754 2000 1872 2071 comici,

656 2109 723 2170 nisi
744 2110 778 2170 in
801 2110 950 2185 tragicae
971 2109 1025 2171 vel
1047 2110 1171 2185 lyricae
1194 2109 1247 2170 vel
1271 2110 1384 2186 opicae
1408 2109 1562 2173 dictionis
1585 2112 1780 2174 imitatione.

700 2287 818 2349 Hiolsa
846 2286 956 2347 nrdlos
984 2284 1120 2347 admisit
1148 2285 1332 2361 tragoedia,
1356 2286 1527 2348 comoedia
1549 2287 1685 2349 admisit
1707 2322 1748 2333 -
1772 2290 1873 2365 utpote

656 2402 863 2464 necessarios
887 2434 927 2445 -
951 2402 1028 2476 post
1050 2398 1091 2477 vl,
1113 2396 1171 2475 to,
1192 2397 1274 2476 arpi,
1295 2398 1429 2474 perinde
1452 2401 1552 2475 atque
1570 2416 1681 2463 sermo
1699 2402 1872 2463 familiaris.

657 2517 767 2577 Etiam
797 2516 981 2577 locutiones
1002 2503 1037 2574 εὖ
1059 2512 1137 2591 ἴσθι,
1158 2503 1192 2573 εὖ
1216 2505 1296 2590 οἶδα,
1323 2503 1346 2572 ὦ
1370 2505 1472 2591 οὗτος,
1494 2505 1518 2573 ὦ
1543 2508 1710 2594 Ἡράκλεις,
1733 2512 1805 2576 odoi
1826 2508 1873 2586 de,

657 2626 729 2691 odii
763 2626 796 2689 iv
828 2631 946 2705 poetae
975 2627 1093 2690 comici
1124 2642 1142 2688 o
1172 2628 1243 2688 rita
1272 2627 1462 2703 quotidiana
1491 2628 1745 2704 desumeerunt;
1775 2630 1874 2704 ordia

657 2744 759 2805 vitari
781 2759 847 2805 non
866 2746 1020 2819 poterant
1038 2742 1103 2802 nisi
1123 2742 1271 2804 oratione
1290 2741 1498 2804 artificiosius
1517 2746 1755 2819 structaatquo
1766 2745 1874 2805 lucam.

701 2857 812 2919 Etiam
827 2857 862 2916 in
879 2855 1017 2931 syllabis
1027 2852 1162 2931 elidere,
1185 2855 1355 2932 optumati,
1380 2858 1473 2934 mosi,
1492 2858 1626 2934 mucci
1640 2858 1874 2934 supprimendis

657 2972 765 3034 multo
795 2970 920 3032 maiore
949 2969 1103 3031 libertato
1133 2984 1195 3031 usa
1217 2972 1270 3031 ost
1291 2984 1346 3030 ars
1368 2974 1540 3046 poetarum
1563 2972 1763 3033 comicorum
1785 2985 1872 3045 quam

657 3085 871 3162 tragicorum.
903 3085 956 3146 Sic
987 3098 1108 3145 sonum
1139 3081 1272 3144 flnalom
1301 3106 1346 3142 -αι
1369 3084 1538 3160 tragoedia
1559 3084 1696 3147 elisione
1719 3100 1873 3160 nunquam
1949 3066 1950 3116 ¹

657 3200 856 3276 suppressit,
887 3213 986 3274 saepe
1016 3211 1095 3259 voro
1126 3197 1297 3259 comoedia
1326 3230 1368 3241 -
1391 3200 1431 3259 ut
1453 3198 1534 3273 opici
1557 3202 1675 3275 poetae
1699 3232 1741 3243 -
1766 3200 1799 3260 in
1819 3203 1871 3259 tor·

658 3313 760 3374 minis
783 3312 980 3375 modiallbus
1001 3333 1071 3389 -μαι
1092 3332 1155 3370 -ται
1177 3314 1267 3370 -otoe
1281 3303 1314 3381 ²).

703 3428 774 3488 Non
797 3426 930 3489 eliditur
951 3424 1082 3501 syllaba
1102 3446 1147 3485 -οι
1168 3424 1234 3485 nisi
1256 3425 1290 3485 in
1312 3424 1495 3485 locutione:
1520 3418 1631 3502 οἴμ’(οι)
1655 3418 1816 3498 domin

702 3600 827 3663 comici
849 3600 952 3676 igitur
974 3600 1118 3661 trimetri
1142 3599 1279 3661 schema
1301 3599 1363 3660 hoc
1386 3602 1454 3661 est:

702 4034 885 4097 'trimetros
914 4033 997 4094 duos
1019 4032 1137 4108 tragici
1160 4034 1277 4108 poetae
1299 4046 1536 4108 nonnunquam
1559 4032 1646 4095 inter
1668 4049 1706 4096 se
1729 4036 1869 4111 ιίρανιιπ),
1947 4004 1948 4034 ¹

658 4152 693 4211 in
717 4150 809 4211 exitu
832 4147 952 4222 prioris
974 4145 1136 4209 collocata
1156 4146 1401 4222 praepositione
1422 4146 1477 4208 vol
1499 4147 1638 4210 atticum
1660 4149 1715 4211 vol
1738 4150 1870 4211 coniunc-

692 4404 713 4471 1)
730 4408 787 4465 Quo
803 4406 900 4455 indicio
914 4403 1028 4454 trimetri
1044 4404 1165 4465 qnidam,
1182 4416 1248 4464 quoa
1262 4404 1378 4453 eominus
1392 4403 1425 4452 ad
1439 4405 1555 4465 tenpore
1568 4403 1813 4455 ardeimitationem
1821 4416 1870 4452 coo·
1946 4406 1947 4492 l

659 4488 732 4549 iecit,
745 4488 864 4548 dignosci
872 4483 1143 4549 poscuntstrimetrir
1151 4498 1218 4545 qnos
1227 4497 1242 4532 o
1250 4484 1394 4545 tragoediis
1403 4482 1494 4531 attulit
1503 4486 1633 4544 integrm
1647 4486 1682 4533 ei.
1691 4498 1714 4533 o.
1723 4498 1749 4545 p.
1757 4486 1818 4535 neo
1827 4482 1872 4531 tlt

693 4564 716 4627 ¹)
729 4568 815 4615 Etiam
829 4582 881 4613 -σαι
894 4565 1025 4614 amandu
1039 4576 1167 4625 personae
1181 4564 1310 4611 terminas
1318 4575 1504 4622 nonnunquam
1515 4562 1630 4621 eliditur,
1639 4577 1690 4612 oon
1699 4576 1761 4612 roro
1769 4558 1872 4611 namuri

659 4644 737 4694 activi
758 4646 865 4694 termini
885 4663 936 4692 w
957 4644 1000 4694 rel
1020 4660 1073 4691 -οα
1097 4640 1160 4703 (nisi
1181 4643 1208 4689 in
1225 4640 1299 4690 ohori
1316 4638 1436 4690 versibus
1452 4640 1606 4703 Eupolidem
1622 4643 1690 4692 lini).
1706 4645 1755 4693 iii
1772 4648 1798 4691 ot
1812 4638 1870 4695 iiii

658 4725 733 4774 Unde
749 4727 868 4783 arguitur
883 4725 975 4773 vitium
991 4726 1038 4771 ir.
1055 4724 1122 4770 1840
1137 4722 1299 4782 ψιυδαηιιὴς
1314 4716 1354 4769 eiv’
1373 4722 1424 4782 leg.
1442 4724 1641 4783 perdonatio„
1656 4722 1795 4783 (Baetin).

692 4801 713 4865 ³)
729 4805 792 4853 Aah.
809 4806 867 4861 ⁶00,
885 4804 950 4852 liii
964 4806 1028 4861 eto-3
1046 4802 1158 4850 tortum
1173 4804 1253 4849 otiam
1268 4820 1308 4859 μοι
1322 4801 1402 4849 verbo
1415 4802 1524 4865 &piem
1535 4799 1742 4865 adiutum
1751 4796 1869 4861 Veaplit

660 4886 724 4934 aen.
743 4884 812 4943 108).

692 4962 715 5027 ι)
733 4965 845 5014 Ultimus
859 4960 974 5012 metri
989 4974 1038 5025 per
1053 4960 1135 5009 oriris
1148 4962 1263 5009 numeris
1277 4960 1344 5009 solvi
1357 4973 1409 5008 non
1421 4962 1521 5022 potnit3
1535 4962 1586 5009 ioci
1600 4966 1688 5011 umen
1697 4974 1775 5009 orme
1782 4958 1869 5007 ιοίιωι

661 5048 703 5093 ut
718 5044 783 5093 Ball.
802 5045 876 5092 12⁰8.
