4375 6284
682 951 747 1010 292
1120 967 1163 1011 on
1185 965 1294 1010 runnu
1316 966 1468 1011 ranorro,

767 1137 851 1200 Nub.
876 1139 938 1200 797
963 1139 998 1199 in
1022 1137 1049 1196 V
1072 1140 1108 1199 et
1129 1139 1163 1198 in
1186 1139 1216 1199 R
1238 1140 1307 1199 cat:

856 1245 916 1311 ἀλλ’
942 1249 1044 1311 ἔσται
1068 1273 1134 1329 μοι
1156 1245 1181 1330 γ’
1206 1248 1275 1312 utto
1297 1249 1389 1322 καλός
1412 1273 1442 1311 τε
1463 1248 1618 1330 κάγαθός,

678 1365 733 1426 ubi
763 1368 797 1427 ot
826 1368 971 1427 matrum
1003 1366 1124 1427 vitium
1154 1369 1268 1441 crepat
1296 1369 1331 1427 at
1360 1387 1393 1445 γε
1422 1365 1585 1440 particula
1606 1366 1807 1440 pronominis
1825 1364 1878 1426 ior·

677 1496 754 1542 maa
776 1480 947 1542 encliticao
970 1480 1157 1542 subiuncta.
1178 1481 1276 1542 Patet
1299 1495 1414 1541 varum
1432 1495 1507 1542 asse
1531 1474 1592 1540 ἀλλ’
1617 1474 1688 1540 ἔστ’
1714 1478 1801 1557 ἐμοί
1818 1472 1850 1557 γ’.

764 1595 862 1670 Vasp.
887 1595 952 1656 890
975 1597 1115 1668 uterque
1140 1594 1259 1655 habat:

851 1717 911 1770 τῶν
934 1705 1234 1787 γενναιοτέρων.

674 1825 796 1886 Varum
827 1839 901 1886 asse
932 1831 991 1883 τῶν
1020 1843 1061 1903 γε
1093 1820 1297 1902 νεωτέρων
1328 1838 1404 1885 cum
1427 1823 1561 1885 numeri
1583 1824 1705 1885 docent
1726 1826 1797 1883 tum
1819 1835 1882 1880 coo·

673 1941 800 2000 textus.

762 2052 838 2112 Pac.
863 2052 927 2113 628
950 2051 984 2112 in
1008 2051 1151 2113 Vatia
1176 2051 1205 2111 R
1228 2054 1300 2113 ant:

851 2163 903 2225 καὶ
925 2163 1100 2245 κορώναιό
1107 2187 1126 2223 ν
1148 2162 1182 2245 γέ
1203 2187 1264 2243 μον
1283 2163 1290 2243 Ι
1310 2162 1471 2242 ἐξέκοψαν.

673 2281 796 2343 Verum
820 2282 874 2342 est
896 2278 1087 2358 νορῶνεαν.

760 2395 836 2470 Lys.
863 2395 948 2457 1153
972 2396 1007 2456 in
1031 2396 1059 2456 R
1081 2395 1224 2470 iegitur:

851 2507 982 2580 πολλοὺς
1006 2503 1036 2568 δ’
1063 2506 1223 2588 ἐτέρους
1247 2507 1414 2581 ἱππίους
1437 2507 1489 2569 uui
1512 2509 1696 2588 ξυμμάχους.

671 2625 766 2700 Apud
791 2623 927 2685 Suidam
951 2625 1045 2685 artat
1067 2623 1166 2685 lectio
1189 2625 1335 2685 sincera:
1359 2621 1545 2703 ἑταίρους
1562 2618 1727 2684 Ἵππιον.

759 2738 892 2799 uocem.
917 2739 980 2799 947
1007 2738 1124 2798 unicus
1147 2738 1251 2799 codex
1272 2738 1301 2799 R
1324 2738 1442 2800 habat:

848 2847 903 2928 ἄγε
925 2859 985 2910 νῦν
1007 2846 1093 2928 ἡμεῖς
1116 2847 1295 2928 πέσωμεν
1319 2849 1396 2928 ἅπερ
1419 2849 1513 2927 νόμος
1536 2848 1593 2911 nrt.

670 2966 808 3026 Poctam
834 2964 965 3027 dedisse
988 2963 1194 3041 παίσωμεν
1218 2979 1315 3026 namo
1338 2979 1406 3025 non
1430 2965 1530 3026 videt.

758 3079 843 3142 Ecol.
867 3081 930 3140 987
963 3078 1094 3139 iuvenis
1124 3093 1145 3139 a
1175 3078 1290 3140 vetula
1319 3080 1490 3155 correptus
1512 3078 1697 3140 exclamat:
1729 3079 1829 3141 Νετιτο
1848 3075 1887 3138 ot
1958 3066 1959 3071 ’

666 3193 841 3255 ludendum
864 3197 895 3254 oi
918 3194 1057 3269 coottur:

845 3318 884 3390 τῷ
908 3305 1084 3391 βουλομένῳ
1106 3328 1151 3385 γε,
1172 3304 1250 3366 κατὰ
1271 3304 1325 3367 τὸν
1348 3304 1381 3367 έν
1403 3311 1565 3380 τταετοῖς
1588 3307 1695 3386 νόμον,

665 3427 695 3486 ai
717 3423 799 3486 fides
822 3422 926 3484 codici
949 3422 988 3484 R.
1012 3421 1071 3482 Cui
1095 3422 1266 3496 retorquet
1287 3420 1362 3483 illa:

844 3530 902 3594 ἀλλ’
930 3531 1004 3596 οὐδὲ
1026 3535 1159 3606 δειπνεῖς
1182 3533 1259 3594 κατὰ
1281 3532 1335 3595 τὸν
1357 3532 1391 3594 έν
1413 3540 1573 3608 παττοῖς
1596 3534 1703 3612 νόμον.

667 3650 703 3712 Si
723 3667 788 3712 ττοα
809 3651 856 3711 oia
877 3665 1002 3726 umore,
1030 3665 1094 3709 oon
1116 3649 1162 3710 ota
1184 3649 1281 3712 edera
1306 3649 1466 3710 Miramur
1488 3652 1601 3711 autam
1625 3649 1719 3710 illam
1744 3648 1801 3727 ,ἐν
1821 3668 1883 3707 τω-
1958 3646 1959 3671 ¹

663 3765 748 3837 τοῖς”
780 3764 902 3839 legam,
934 3763 1043 3837 magis
1073 3763 1238 3823 miramur
1260 3763 1431 3824 hominem
1456 3778 1580 3824 vesana
1602 3765 1753 3840 doctum,
1779 3765 1835 3839 qui
1855 3762 1884 3820 in
1958 3826 1959 3829 Ἴ

663 3878 801 3941 scholiis
822 3878 996 3938 annotavit
1021 3875 1195 3952 ,Τὴνααίαο
1216 3876 1299 3936 tanc
1320 3891 1382 3937 coac
1400 3877 1555 3952 centem&
1575 3877 1702 3953 Nampa
1718 3875 1884 3939 Paetorum

664 3993 751 4069 apud
781 3990 984 4052 Herodotum
1015 3990 1220 4050 montionem
1258 3990 1386 4051 viderat
1420 3990 1555 4052 factam.
1587 3991 1727 4067 Propius
1758 4008 1780 4053 a
1810 4002 1882 4051 varo
1958 4070 1959 4075 ἵ

662 4108 765 4169 distat
799 4105 904 4167 codex
938 4107 973 4180 Γ,
1004 4103 1061 4178 qui
1091 4100 1124 4162 ἐν
1154 4108 1292 4173 τιετοῖς
1324 4103 1436 4182 habat,
1467 4105 1599 4179 integra
1628 4109 1740 4166 autam
1765 4121 1832 4168 vox
1852 4099 1882 4160 iv

661 4224 817 4290 πεττοῖς
838 4222 896 4281 aut
915 4233 933 4280 a
951 4219 1144 4280 coniectura
1161 4221 1214 4279 cat
1232 4219 1439 4279 restituenda
1459 4253 1498 4263 —
1521 4234 1627 4294 nequa
1647 4219 1788 4281 arduum
1807 4229 1882 4278 ama

661 4336 694 4396 id
718 4335 888 4410 nogotium
915 4366 955 4377 -
979 4334 1039 4393 aut
1059 4332 1225 4393 sumenda
1247 4348 1266 4392 a
1289 4333 1403 4394 codice
1427 4333 1464 4394 Β.

706 4450 839 4511 Minima
873 4447 989 4522 gravia
1022 4448 1105 4507 haac
1139 4446 1263 4508 ulcera.
1293 4447 1453 4507 Attamen
1485 4446 1527 4507 ab
1558 4448 1620 4509 hac
1643 4462 1771 4523 quoquo
1792 4447 1881 4523 parte

659 4565 764 4626 instat
785 4560 983 4638 periculum
1009 4575 1088 4620 nam
1112 4561 1142 4621 ai
1164 4561 1300 4622 accedat
1322 4559 1496 4622 hominum
1521 4560 1701 4623 stultorum
1723 4560 1879 4637 paratior·
1958 4618 1959 4621 ,

660 4677 781 4753 thosis,
819 4691 860 4738 na
890 4673 972 4736 talia
1001 4674 1136 4749 quidam
1163 4675 1248 4736 satia
1270 4673 1368 4736 facila
1391 4677 1627 4750 agnoscuntur.
1651 4674 1712 4740 iix.
1735 4690 1782 4752 gr.
1805 4673 1879 4747 Lya

661 4794 725 4854 565
749 4791 783 4852 in
805 4791 834 4852 R
856 4791 995 4865 legitur:

747 4914 810 4979 πῶς
828 4895 886 4966 οὖν
905 4902 991 4982 ὑμεῖς
1011 4904 1192 4965 δύνασθε
1209 4911 1327 4966 παῦσαι
1348 4902 1550 4985 τεταραγμένα
1568 4901 1730 4984 πράγματα
1748 4900 1850 4964 nond

657 5021 780 5084 Varum
804 5020 927 5082 Porson
950 5020 1079 5096 primus
1102 5019 1269 5082 restituit:
