4375 6284
663 955 727 1016 160
1188 967 1230 1012 nr
1253 966 1378 1014 norrun

661 1155 736 1201 mos
764 1155 921 1218 prospera
949 1141 1083 1202 fortuna
1113 1154 1206 1218 usos,
1236 1142 1300 1202 hoc
1326 1141 1453 1218 accepit
1483 1157 1699 1219 responsum:
1725 1145 1870 1223 templum

661 1268 795 1330 egresso
828 1255 884 1328 qui
914 1254 1043 1330 primus
1072 1252 1167 1317 fleret
1192 1254 1341 1331 obviam,
1375 1270 1452 1317 eum
1474 1259 1672 1331 sequeretur
1695 1261 1731 1320 et
1752 1258 1870 1320 domum

660 1383 776 1430 secum
793 1368 980 1431 deduceret.
1004 1368 1083 1446 Quis
1107 1371 1220 1430 autem
1242 1369 1372 1446 primus
1391 1371 1422 1432 el
1440 1372 1606 1434 occurrit?
1626 1373 1736 1435 Senex
1755 1374 1871 1449 quidam

662 1496 780 1543 caecus
801 1485 836 1544 et
856 1481 1039 1557 squalidus.
1062 1483 1149 1544 Huic
1170 1483 1273 1559 igitur
1293 1483 1370 1544 inde
1388 1498 1409 1544 a
1426 1483 1561 1561 Delphis
1580 1485 1643 1548 ivit
1662 1487 1873 1563 pedissequus.

662 1596 733 1656 Iam
763 1611 842 1658 vero
871 1597 1022 1658 Athenas
1051 1597 1158 1671 adque
1180 1597 1287 1673 ipsius
1308 1597 1445 1659 domum
1469 1601 1522 1660 est
1543 1604 1756 1676 perventum
1779 1601 1875 1674 itaque

662 1711 813 1785 ignotum
837 1710 932 1771 illum
955 1711 1126 1772 hominem
1150 1710 1315 1773 allocutus
1337 1711 1504 1787 quodnam
1524 1713 1555 1774 el
1574 1728 1697 1775 nomen
1721 1714 1766 1777 sit
1785 1717 1877 1790 roget.

663 1823 724 1901 Qui
747 1824 804 1884 vix
826 1824 962 1886 tandem
985 1823 1189 1901 respondens
1210 1823 1346 1885 Plutum
1370 1839 1407 1886 se
1429 1823 1613 1901 profitetur.

707 1939 835 2001 Siccine
857 1940 962 2000 vero?
985 1936 1178 2014 Opulentlae
1202 1936 1302 1998 deum
1320 1936 1424 1999 talem
1443 1952 1577 2015 semper
1595 1938 1658 2001 sibl
1677 1937 1776 2002 tinxit
1794 1939 1875 2002 (ihre-

663 2053 776 2128 mylus
797 2052 930 2129 qualem
954 2051 1172 2114 ostendebant
1190 2049 1347 2128 artifices,
1366 2067 1506 2128 puerum
1524 2051 1725 2130 formosum,
1744 2055 1780 2116 ln
1796 2056 1878 2117 Pacis

663 2167 743 2229 deae
768 2167 856 2229 uinis
878 2167 1029 2230 suaviter
1050 2166 1225 2229 ridentem.

709 2281 796 2343 Olim
825 2297 907 2344 sane
937 2295 1011 2343 eam
1038 2280 1103 2343 sibi
1133 2280 1236 2342 tuisse
1258 2280 1404 2355 speciem
1427 2279 1483 2342 ille
1506 2281 1567 2358 ait,
1591 2282 1649 2344 sed
1672 2283 1759 2357 quod
1782 2282 1879 2360 probis

663 2398 797 2457 tantum
826 2394 1022 2458 mortalibus
1048 2396 1128 2455 tunc
1150 2409 1188 2454 se
1211 2392 1392 2469 applicaret
1414 2396 1542 2456 ceteros
1564 2399 1753 2473 aversatus,
1778 2397 1879 2459 Iovem

663 2510 911 2572 stomachatum
933 2508 1038 2571 oculte
1060 2507 1124 2569 sibi
1147 2507 1327 2569 obduxisse
1350 2507 1536 2584 caliginem.
1560 2507 1642 2570 Dein
1664 2509 1835 2572 aberrasse
1850 2522 1881 2567 se

665 2625 697 2684 in
728 2623 912 2684 multorum
942 2621 1076 2698 domus,
1109 2619 1149 2682 ad
1172 2635 1257 2695 quos
1277 2621 1451 2697 pervenire
1474 2635 1580 2697 neque
1603 2620 1766 2685 voluisset
1786 2636 1880 2697 neque

665 2738 847 2814 debuisset,
880 2738 1012 2812 umque
1043 2737 1211 2797 recentem
1242 2751 1285 2796 ex
1315 2735 1452 2796 aedibus
1481 2736 1573 2797 senis
1602 2737 1777 2800 cuiusdam
1800 2734 1881 2798 arari

666 2853 788 2912 misere
810 2849 942 2912 sordere
965 2852 1065 2924 atque
1087 2847 1249 2923 squalere.

710 2999 751 3009 -
777 2964 881 3042 „Quin
917 2964 1018 3041 igitur
1046 2977 1102 3024 me
1132 2961 1309 3036 sequere!”
1340 2960 1539 3037 chremyius
1572 2963 1621 3024 ait
1652 2965 1775 3039 „utque
1806 2960 1881 3024 oculi

667 3082 848 3157 „sanentur
870 3078 1024 3140 curabo'·

710 3227 751 3239 —
778 3194 881 3271 ,Ohe,
906 3192 1061 3268 henigne!
1086 3205 1153 3252 non
1175 3191 1267 3252 utarl
1292 3190 1408 3252 Iovem
1430 3189 1538 3253 denuo
1561 3191 1691 3253 irritare
1714 3191 1824 3254 nolo.”

713 3342 752 3352 -
779 3309 957 3385 ,Iovemne
985 3305 1137 3368 scillcet?
1169 3303 1306 3364 Videndi
1335 3303 1528 3365 tenultatem
1555 3319 1715 3382 recupera
1736 3305 1834 3367 modo
1854 3305 1883 3364 et

668 3423 799 3498 ¹‚Iovem
829 3421 958 3498 plorare
983 3419 1099 3481 iubeas
1129 3416 1254 3479 licebitl
1286 3415 1393 3478 Tuam
1423 3417 1453 3478 ls
1476 3418 1617 3493 requirit
1638 3433 1790 3496 operam,
1814 3430 1882 3478 nam

669 3537 760 3612 ¹‚sine
790 3538 824 3596 te
853 3549 953 3596 nemo
982 3534 1093 3609 potest
1125 3545 1237 3592 emere
1267 3530 1354 3604 quod
1377 3531 1408 3592 ei
1430 3529 1605 3593 sacrificet.
1629 3533 1708 3594 Sine
1731 3535 1765 3594 te
1786 3543 1883 3606 neque

669 3651 741 3726 „est
763 3649 937 3722 quicquam
964 3661 1071 3721 neque
1092 3644 1148 3721 ut;
1171 3649 1231 3707 tue
1253 3660 1354 3707 cansa
1376 3646 1538 3708 desudant
1559 3661 1689 3710 omnes.
1713 3647 1828 3710 Iovem
1849 3659 1882 3704 ne

669 3777 783 3840 ,cnra,
816 3761 877 3824 sed
910 3761 952 3823 ad
986 3774 1042 3822 me
1075 3759 1162 3822 veni.
1198 3758 1313 3821 Visum
1345 3757 1407 3821 tibi
1438 3760 1472 3820 in
1502 3759 1670 3836 integrum
1700 3762 1882 3832 restituam,

670 3877 773 3955 ‚mihi
796 3876 931 3938 credel”

711 3992 819 4054 Intrat
853 3988 971 4052 Plutus
1005 3989 1087 4051 deus
1121 3987 1220 4050 aedes
1254 3986 1419 4063 agricolae
1453 3988 1658 4066 pauperculi,
1694 3989 1749 4051 hic
1779 3991 1884 4051 autem

667 4107 830 4168 conuocat
857 4104 986 4166 vicinos
1016 4116 1139 4178 egenos
1169 4117 1211 4163 ex
1241 4101 1345 4178 agris,
1376 4101 1432 4162 ubl
1462 4101 1553 4164 duris
1582 4101 1751 4164 laboribus
1774 4101 1885 4164 vacant

668 4221 778 4281 victus
807 4217 990 4293 quotidiani
1020 4229 1131 4278 causa.
1154 4247 1197 4258 -
1222 4215 1344 4276 Poetae
1375 4215 1500 4277 comico
1531 4215 1695 4292 agricolas
1725 4211 1885 4294 usquead

647 4333 758 4395 uitae
779 4331 880 4393 finem
905 4344 1002 4392 curae
1025 4329 1129 4391 luisse
1151 4329 1298 4404 apparet.

713 4446 820 4508 citato
850 4457 1032 4519 mennam
1065 4456 1164 4504 cursu
1199 4443 1375 4503 accurrunt
1401 4441 1460 4502 illi.
1490 4442 1699 4520 Quamquam
1722 4445 1751 4507 sl
1781 4445 1886 4506 minus

667 4561 901 4634 festinassent,
922 4558 995 4633 ipsa
1012 4555 1126 4618 tabula
1144 4555 1247 4616 nihilo
1265 4554 1394 4618 tardius
1412 4557 1638 4633 processisset.
1658 4557 1794 4620 Nullum
1807 4557 1886 4618 enim

668 4677 720 4736 est
747 4675 834 4735 inter
862 4673 1015 4734 dramata
1040 4668 1205 4746 Euripidis
1228 4669 1314 4744 quod
1342 4669 1480 4731 chorum
1503 4673 1574 4733 tam
1596 4671 1751 4734 inutilem
1774 4671 1886 4732 habeat

668 4802 767 4863 quam
798 4785 999 4848 rusticorum
1029 4785 1081 4847 est
1111 4783 1245 4860 chorus,
1277 4798 1376 4858 quem
1407 4784 1441 4844 in
1467 4784 1588 4847 ultima
1609 4784 1721 4847 tabula
1744 4783 1886 4849 exhibuit

668 4901 918 4977 Aristophanes.
955 4899 1083 4961 Bardos
1121 4898 1298 4973 tardosque
1334 4898 1466 4960 adstare
1498 4898 1675 4961 choreutes
1704 4897 1888 4976 Euripidem

668 5017 766 5092 poeta
796 5014 945 5076 comicus
975 5011 1056 5075 olim
1087 5011 1315 5089 perhibuerat:
1348 5012 1414 5073 iam
1448 5027 1526 5074 vero
1549 5013 1589 5074 de
1611 5013 1718 5089 ipsius
1740 5013 1840 5076 choro
1860 5007 1888 5070 id
