4375 6284
649 979 689 1038 12
1164 992 1206 1036 nn
1229 991 1353 1036 ronnas

646 1164 773 1225 sociare
804 1162 901 1225 velle.
931 1162 1002 1224 Non
1033 1160 1183 1237 capiebat
1212 1176 1315 1222 unum
1348 1162 1462 1238 iugum
1492 1165 1627 1224 taurum
1658 1163 1810 1225 doricum
1836 1166 1867 1222 et

645 1291 767 1350 equum
787 1277 967 1352 marinum,
989 1289 1054 1336 non
1072 1275 1188 1336 eadem
1204 1278 1299 1336 erant
1320 1278 1440 1339 itinera
1457 1277 1608 1353 bigarum
1628 1277 1866 1353 Neptuniarum

647 1393 746 1463 atque
768 1390 868 1450 boum
892 1389 992 1463 pedes
1014 1389 1110 1450 tarde
1132 1389 1350 1450 trahentium.

691 1503 737 1564 Ob
767 1504 917 1578 spretam
947 1517 1046 1576 qnam
1069 1501 1341 1563 Lacedaemoniis
1363 1502 1510 1565 tulerant
1531 1519 1628 1579 opem
1651 1504 1870 1566 Athenienses

648 1615 777 1677 Oimoni
806 1616 952 1691 graviter
974 1617 1054 1676 sunt
1074 1615 1287 1691 stomachati,
1313 1616 1467 1693 Spartam
1489 1619 1603 1678 autem
1626 1619 1775 1678 aversati
1797 1621 1871 1677 sunt

647 1729 764 1790 denuo.
789 1729 852 1791 Sed
875 1732 1010 1804 tempus
1033 1729 1074 1788 ad
1097 1729 1330 1790 Themistoclis
1349 1731 1486 1792 consilia
1504 1729 1701 1806 perficienda
1716 1730 1868 1791 idoneum
1949 1736 1954 1745 '

646 1843 861 1918 praeterierat
895 1845 928 1902 et
962 1843 1088 1902 frustra
1121 1842 1253 1905 biennio
1287 1846 1363 1918 post
1393 1877 1433 1888 -
1464 1859 1551 1905 anno
1585 1847 1648 1906 461
1683 1878 1724 1888 —
1759 1844 1806 1904 ad-
1835 1859 1869 1904 ea

646 1956 815 2017 redierunt
848 1955 1019 2031 Ephialtes
1060 1958 1093 2017 et
1127 1955 1279 2017 Pericles.
1315 1957 1372 2016 Sui
1409 1958 1491 2017 iuris
1524 1959 1651 2019 mansit
1683 1957 1820 2034 Sparta:
1852 1971 1870 2016 a

648 2071 785 2146 Spartae
815 2070 908 2145 parte
937 2069 971 2128 in
998 2068 1139 2143 singulis
1162 2068 1360 2131 Graecorum
1384 2071 1577 2145 civitatibus
1598 2073 1670 2133 sive
1693 2071 1871 2133 maioribus

646 2184 718 2245 sive
748 2181 932 2243 minoribus
963 2183 1065 2244 etiam
1096 2183 1234 2257 posthac
1261 2186 1428 2245 steterunt
1450 2186 1506 2259 qui
1528 2187 1664 2260 antiqua
1685 2185 1870 2258 tuebantur,

647 2311 758 2358 rerum
782 2311 945 2356 novarum
969 2295 1130 2357 studiosis
1150 2297 1301 2358 Athenas
1322 2299 1581 2374 suspicientibus
1600 2299 1742 2375 oppositi
1762 2299 1868 2359 adver·

647 2411 727 2470 sarii
750 2409 917 2484 acerrimi,
942 2412 975 2470 et
998 2410 1032 2469 in
1055 2410 1128 2484 ipsa
1150 2410 1406 2473 Atheniensium
1428 2426 1465 2472 re
1483 2412 1615 2489 publica
1633 2413 1772 2487 mansit,
1791 2427 1870 2485 qnae

649 2523 771 2599 iuerat,
803 2522 926 2583 civium
954 2522 1091 2597 Spartae
1122 2523 1307 2585 ravennam
1331 2539 1406 2586 cum
1430 2526 1535 2600 partis
1556 2525 1725 2601 popularis
1747 2525 1871 2585 civibus

649 2637 828 2698 contentio.
863 2636 959 2696 Anno
998 2636 1063 2696 458
1103 2651 1221 2697 aurum
1260 2637 1432 2699 Persicum
1470 2641 1603 2715 praesto
1642 2640 1704 2700 luit
1738 2639 1871 2714 Spartae

650 2750 792 2810 Athenis
825 2749 1009 2825 insidianti,
1045 2753 1079 2810 et
1111 2765 1153 2811 ex
1182 2749 1239 2811 illo
1268 2750 1345 2812 inde
1374 2754 1525 2826 tempore
1552 2753 1718 2828 stipendia
1747 2751 1788 2812 ab
1816 2752 1871 2810 Ar·

651 2868 788 2923 taxerxe
823 2863 959 2935 eiusque
994 2863 1138 2939 satrapis
1171 2835 1325 2924 certatim
1355 2863 1548 2940 flagitarunt
1577 2865 1693 2927 Graeci
1723 2866 1809 2924 inter
1836 2878 1872 2923 se

651 2977 903 3038 contendentes:
935 2991 1003 3036 non
1033 2976 1100 3037 iam
1130 2982 1225 3053 turpe
1254 2980 1313 3038 aut
1341 2978 1480 3054 impium
1512 2979 1545 3040 id
1576 2978 1749 3040 videbatur
1772 2974 1805 3047 ¹).
1833 2977 1872 3036 In

652 3089 1054 3164 batracbomyomachiam
1079 3092 1228 3152 verterat
1250 3106 1345 3166 epos:
1370 3091 1456 3152 bello
1480 3108 1537 3169 pro
1561 3093 1629 3153 aris
1647 3095 1682 3153 et
1699 3092 1782 3152 iocis
1800 3105 1872 3150 oum

652 3204 763 3265 Persis
799 3206 893 3279 gesto
933 3204 1129 3266 succedebat
1162 3205 1309 3265 ciuitatis
1347 3206 1537 3267 maritimae
1574 3208 1609 3266 et
1645 3205 1755 3280 gentis
1787 3206 1872 3264 terra

653 3317 794 3377 valentis
817 3321 985 3378 certamen
1007 3317 1250 3378 internecivum
1273 3317 1446 3392 nullosque
1467 3318 1654 3393 triumphos
1676 3316 1873 3377 habiturum.

653 3432 765 3491 llusne
795 3446 910 3492 ranam
939 3445 1052 3492 morsu
1083 3446 1302 3508 oppressurus
1333 3435 1404 3492 erat
1435 3447 1478 3492 an
1505 3447 1588 3492 rana
1616 3444 1747 3492 murem
1782 3429 1873 3502 aquis

652 3545 826 3605 mersura?

695 3657 822 3719 Ambos
851 3659 939 3719 inter
968 3672 1005 3718 se
1035 3658 1254 3720 colluctantes
1284 3659 1484 3720 devoratura
1512 3661 1586 3720 erat
1615 3657 1750 3720 ciconia
1779 3657 1873 3717 Parte

652 3769 857 3834 infinitorum
889 3773 1137 3849 thesaurorum,
1168 3775 1224 3847 qni
1250 3775 1344 3835 Susis
1366 3775 1517 3835 iacebant
1540 3773 1714 3848 cumulati,
1738 3773 1789 3832 uti
1809 3772 1872 3832 iam

653 3890 831 3962 potuerunt
860 3887 980 3948 Persae
1010 3886 1051 3948 ad
1083 3887 1225 3949 Graecos
1254 3889 1288 3948 in
1312 3888 1454 3950 Graecos
1475 3887 1677 3963 incitandos,
1709 3889 1743 3946 et
1767 3885 1872 3945 luben·

652 4001 782 4061 tissime
815 4001 962 4076 proiecto
997 4002 1275 4085 callidissimeque
1308 4004 1390 4062 sunt
1422 4001 1489 4077 usi,
1524 4001 1629 4062 donec
1661 4001 1760 4074 longo
1793 3997 1873 4058 bello

654 4115 836 4176 exhaustos
854 4117 1049 4192 tenuerunt,
1068 4116 1224 4190 praedam
1243 4117 1418 4176 inermem.
1437 4115 1578 4176 Athenis
1597 4116 1711 4176 autem
1722 4113 1874 4175 nobilitas

654 4228 806 4303 neglecta
835 4231 871 4289 et
892 4231 1041 4291 aratores
1063 4230 1161 4304 egeni
1183 4245 1204 4289 a
1226 4230 1344 4305 Sparta
1367 4228 1510 4290 salutem
1533 4243 1667 4304 sperare
1689 4227 1875 4304 pergebant.

654 4341 768 4403 Prisca
791 4343 939 4404 obtinere
962 4345 996 4403 et
1019 4357 1039 4402 a
1060 4345 1155 4418 parte
1177 4342 1388 4418 optimatium
1412 4345 1503 4403 stare
1524 4341 1613 4402 idem
1635 4342 1720 4417 quod
1743 4341 1875 4417 Spartae

654 4455 766 4516 favere
796 4471 928 4532 semper
951 4457 1061 4517 visum
1088 4458 1141 4516 est
1162 4456 1437 4532 Atheniensibus,
1462 4456 1616 4531 Spartam
1640 4458 1752 4517 autem
1779 4455 1876 4515 insec-

655 4570 718 4629 tari
737 4570 770 4630 id
789 4571 874 4644 quod
893 4585 968 4631 cum
988 4571 1108 4646 populo
1128 4571 1235 4632 lacere
1258 4584 1428 4644 novasque
1446 4584 1500 4631 res
1523 4571 1688 4645 appetere.
1711 4566 1876 4629 Discordia

656 4684 785 4745 animos
815 4685 938 4745 civium
967 4687 1125 4760 perpetuo
1155 4685 1239 4746 rosit
1269 4685 1304 4745 et
1333 4687 1405 4745 tam
1435 4683 1569 4759 penitus
1598 4681 1727 4757 iniecit,
1758 4684 1797 4741 ut
1823 4678 1875 4752 qui
1957 4730 1958 4797 ἰ

656 4798 760 4873 partis
782 4802 895 4858 essent
917 4795 1124 4874 infirmioris,
1149 4798 1190 4858 ad
1213 4798 1399 4872 Spartiatae
1422 4796 1597 4871 confugere
1619 4795 1760 4856 mallent
1780 4807 1874 4868 quam
1957 4802 1958 4879 l

694 5041 713 5102 ¹)
732 5046 865 5092 Demostb.
884 5045 919 5092 lx
937 5047 952 5100 ,8
971 5047 1002 5092 41
1020 5045 1146 5093 Herodot.
1161 5045 1212 5092 m
1230 5045 1277 5092 lbl
1296 5044 1412 5103 Thnoyd.
1429 5043 1443 5090 1
1460 5044 1493 5092 82
1509 5043 1537 5091 11
1554 5044 1578 5105 l,
1595 5043 1628 5091 dl
1645 5045 1695 5090 etc.
