4375 6284
741 1820 819 1898 ΙΙΙ.
852 1824 919 1901 De
943 1823 1167 1901 codicum
1191 1826 1365 1902 ceteris
1390 1824 1648 1903 meliorum
1670 1824 1842 1902 Veneti

790 1952 838 2026 et
862 1951 1159 2028 Ravennatis
1183 1952 1445 2029 virtutibus
1473 1956 1618 2050 atque
1642 1952 1787 2029 vitiis.

1200 2209 1390 2220 ᾕ-

724 2402 774 2463 Ad
805 2407 936 2465 textum
967 2405 1117 2466 codicum
1146 2404 1264 2466 ceteris
1287 2403 1483 2465 nobiliorum
1507 2405 1535 2463 V
1558 2407 1590 2466 et
1613 2405 1641 2466 Β
1664 2409 1703 2467 ut
1724 2404 1892 2480 paullisper

681 2517 783 2576 ‘etiam
812 2518 1003 2595 redeamus,
1035 2520 1121 2580 setis
1150 2519 1326 2581 emendate
1350 2519 1496 2594 scriptus
1518 2534 1624 2595 neque
1647 2520 1701 2580 hio
1723 2521 1777 2580 est
1795 2532 1891 2592 neque

680 2632 753 2705 ille;
797 2632 854 2693 sed
896 2633 988 2693 vitiis
1028 2647 1126 2694 omne
1165 2648 1271 2709 genus
1307 2633 1386 2694 lioet
1418 2636 1556 2708 uterque
1589 2636 1731 2711 scateat,
1766 2632 1890 2693 ulterius

681 2747 882 2823 exemplaris
912 2749 1033 2809 menda
1063 2764 1106 2809 ex
1135 2747 1239 2810 nitero
1267 2748 1364 2824 longe
1388 2747 1532 2823 plurima
1551 2749 1670 2824 corrigi
1693 2750 1840 2825 possunt,
1860 2745 1889 2804 id

679 2862 767 2936 quod
800 2862 868 2922 iam
901 2861 1059 2923 diximus.
1091 2861 1218 2924 Cuncta
1247 2865 1360 2923 autem
1383 2861 1558 2937 utriusque
1579 2862 1662 2923 vitia
1683 2863 1716 2923 si
1737 2863 1811 2936 quis
1828 2873 1890 2936 pro

681 2975 796 3052 ferret,
831 2990 938 3050 neque
973 2979 1106 3051 gratum
1137 2976 1263 3037 iaceret
1292 2976 1446 3050 cuiquam
1476 2990 1582 3050 neque
1610 2976 1702 3037 utile.
1726 2976 1789 3038 Sed
1810 2977 1890 3036 oerts

681 3089 843 3162 quaedam
869 3105 1020 3150 errorum
1044 3104 1167 3166 genera
1188 3090 1348 3166 indicere,
1372 3090 1405 3150 in
1428 3093 1568 3164 quaest
1593 3089 1650 3151 alii
1668 3090 1793 3152 libmrii
1808 3086 1889 3165 quili-

680 3203 735 3264 bet
759 3203 960 3278 -perinde
990 3207 1091 3279 atque
1125 3204 1321 3281 typothetae
1348 3204 1499 3265 hodierni
1522 3219 1685 3280 —saepe
1718 3205 1890 3267 indiderunt

682 3319 716 3378 et
745 3318 802 3391 qui
831 3317 995 3378 venetum
1025 3317 1319 3393 Ravennatemque
1347 3319 1477 3380 oodioes
1507 3319 1783 3396 perscripserunt,
1804 3316 1889 3380 idat

682 3431 734 3491 his
755 3431 999 3507 prolegomenis
1021 3446 1087 3493 non
1112 3431 1239 3493 videtur
1261 3431 1406 3492 alienum
1424 3427 1457 3502 ι).

1036 3677 1068 3758 1)
1092 3677 1148 3739 De
1167 3677 1552 3753 haploprsphematis

726 3887 990 3964 Huplographise
1013 3887 1175 3949 debentur
1196 3902 1280 3954 uuae
1301 3889 1502 3960 sequuntur:

726 4002 809 4064 Acir.
834 4003 899 4062 224
922 4002 956 4062 in
980 4002 1009 4062 Β
1031 4005 1101 4063 ost:

860 4113 936 4193 μηδέ
958 4136 1014 4193 περ
1037 4113 1180 4194 γέροντας
1207 4111 1384 4186 (ὄντας)
1412 4112 1554 4195 ἐκφυγὼν
1576 4113 1743 4194 Ἀχαρνέας.

682 4229 783 4291 (iuius
807 4228 927 4290 erroris
950 4233 984 4290 et
1007 4229 1084 4290 alibi
1104 4228 1300 4290 meminisse
1317 4230 1414 4290 iurat
1432 4231 1467 4290 et
1485 4229 1573 4292 Plut.
1586 4229 1663 4306 258,
1682 4230 1739 4291 ubi
1755 4229 1783 4290 Β
1799 4227 1884 4289 nubet

682 4347 790 4405 metro
814 4343 935 4404 invito:

859 4454 899 4528 ὧς
922 4453 1001 4527 εἰκὸς
1024 4452 1167 4528 ἀσθενεῖς
1189 4453 1331 4536 γέροντας
1354 4453 1496 4536 ἄνδρας
1518 4453 1594 4534 ἤδη,

683 4571 711 4629 V
734 4572 848 4631 autem
872 4571 906 4631 in
931 4569 1076 4631 deterius
1098 4585 1216 4631 ruens:

860 4681 900 4754 ὡς
922 4682 1005 4743 sindo
1028 4679 1136 4743 ἐστιν
1159 4681 1299 4755 ἀσθενεῖς
1321 4680 1464 4763 γέροντας
1486 4681 1631 4762 ἄνδρας
1653 4681 1723 4762 ἤδη.

716 4954 734 5016 1)
752 4957 823 5014 Quse
840 4959 987 5016 sequuntur
1003 4956 1128 5003 msiorem
1146 4961 1248 5017 portem
1265 4959 1388 5017 excerpts
1405 4959 1498 5004 eunte
1515 4954 1691 5016 Prouistione,
1706 4969 1782 5018 qun
1798 4953 1879 5002 mm-

679 5037 749 5083 nstis
767 5033 875 5096 imsgini
891 5035 1053 5096 prototypus
1069 5033 1204 5096 preemisi.
