4375 6284
754 941 796 986 nn
819 941 927 986 τοττι]
950 941 1102 988 unumne.
1471 926 1535 988 381

333 1117 403 1193 poris
434 1117 523 1177 inter
556 1119 706 1177 oratores
738 1113 913 1190 populares
946 1113 1049 1174 luisse
1084 1113 1162 1174 binc
1191 1112 1426 1188 intellegimus.
1456 1113 1537 1175 Dein

332 1232 504 1306 Prexegora

492 1338 566 1404 τοῦτ’
593 1339 647 1403 ίστ’
674 1340 777 1403 ἐκεῖνο·
803 1351 875 1402 τῶν
898 1343 1103 1403 σκυτάλων
1126 1335 1176 1403 ὧν
1198 1340 1397 1423 πέρδεται.

332 1459 403 1534 Quae
425 1459 554 1520 utinum
575 1458 730 1518 indecora
752 1459 841 1518 certe
860 1461 974 1518 essent
992 1457 1107 1518 verbel
1129 1458 1187 1519 scd
1206 1459 1538 1531 mereesuntnugae.

329 1558 707 1688 Notuledlxoeffghturbns
737 1626 868 1687 dedisse
899 1625 1040 1702 videtur,
1071 1626 1180 1688 deleto
1203 1629 1314 1687 eutem
1339 1626 1540 1686 emblemate

329 1745 356 1802 et
375 1741 500 1803 collatis
525 1757 572 1803 vs.
599 1741 662 1801 149
685 1755 751 1814 sq.:

579 1852 633 1936 ἀγα
655 1877 714 1914 νυν
737 1852 819 1927 διτως
841 1853 978 1934 ἀνδριστί
1000 1852 1054 1915 καί
1075 1859 1174 1927 καλῶς
1196 1852 1271 1935 ε’ρεῖς

581 1967 788 2047 διερεισαμένη
811 1968 844 2030 τὸ
868 1978 965 2048 σχῆμα
989 1979 1024 2054 τῇ
1047 1970 1194 2053 βακτηρία

328 2100 432 2146 versus
455 2085 504 2146 sic
526 2085 669 2146 tortasse
694 2085 894 2160 explendus:

515 2193 591 2259 τοῦτ’
618 2192 671 2259 ἔστ’
698 2193 783 2258 ἐκεῖν’
809 2193 889 2278 ᾧπερ
916 2197 1067 2279 (λέγων
1091 2199 1110 2259 δ
1118 2199 1341 2279 ιερεί>δειαι.
1610 2282 1612 2286 Ι

363 2313 519 2376 credibile
553 2329 618 2374 non
650 2314 782 2375 videtur
811 2313 879 2375 tale
909 2316 1095 2375 monstrum
1128 2317 1162 2375 et
1191 2315 1293 2376 codici
1316 2315 1344 2375 R
1366 2315 1400 2376 et
1421 2313 1540 2376 ceteris

326 2428 510 2489 inhaerere?
531 2427 660 2504 Reputa
683 2428 779 2488 sodes
797 2430 910 2488 tecum
926 2443 1026 2502 quem
1047 2427 1196 2489 sublesta
1207 2429 1252 2489 sit
1263 2427 1344 2490 tides
1356 2432 1540 2490 ceterorum

325 2543 478 2619 codicum,
503 2543 538 2602 in
561 2542 680 2616 quibus
700 2542 782 2603 haec
805 2541 917 2603 iebule
941 2545 992 2604 est
1014 2544 1150 2619 tradita,
1174 2546 1209 2604 et
1231 2545 1403 2605 recordare
1424 2558 1543 2604 versus

325 2671 416 2732 supra
431 2652 454 2728 ι)
477 2656 571 2718 allati
595 2656 678 2717 Nub.
701 2657 778 2732 423,
804 2671 903 2730 quem
927 2657 1027 2719 telem
1053 2658 1188 2718 exhibet
1210 2657 1255 2718 R:

515 2765 573 2829 ἀλλ’
600 2767 644 2830 δτι
669 2768 779 2846 δήεις
802 2765 862 2847 ἤδη
885 2767 954 2847 ιιτὲ.,

324 2899 392 2945 cum
415 2883 568 2947 deberet:

513 2995 585 3059 dito
608 3019 635 3056 τι
658 2991 774 3074 δῆ<τ’
801 2988 872 3060 οὖν
896 3004 1089 3075 νομι>εῖς
1113 2996 1174 3077 ἤδη
1196 2997 1254 3059 κτὲ.

324 3112 371 3173 vel
394 3114 485 3175 verbi
509 3109 741 3174 συνεκποτέ’
767 3116 801 3175 in
825 3114 854 3173 R
877 3113 1022 3174 οδνεκά
1041 3135 1131 3174 ποτε
1157 3115 1273 3190 scripti
1292 3115 1378 3175 Plut.
1404 3115 1489 3175 1085
1505 3108 1539 3185 ἢ.

361 3226 505 3301 Denique
528 3227 590 3290 Av.
612 3229 677 3289 293
701 3229 754 3289 hic
774 3228 1103 3305 commemorandus,
1123 3227 1180 3289 ubi
1198 3229 1238 3290 de
1257 3228 1375 3289 avibus
1394 3228 1542 3289 cristatis

321 3338 438 3415 inops:

893 3430 991 3507 ὥσπερ
1015 3430 1047 3491 οί
1067 3433 1167 3511 Κᾶρες
1188 3426 1244 3507 μὲν
1267 3421 1325 3491 οδν

448 3542 510 3604 ἐπί
534 3553 608 3604 τῶν
628 3550 757 3620 λοφεον
781 3539 947 3622 οίιιοῦσ’,
970 3537 1082 3624 ὦγάθ’,
1104 3542 1271 3620 ἀσφαλείας
1294 3543 1413 3605 οὕνεκα.

322 3658 620 3733 fflfflmvffi

449 3771 498 3833 όπι
520 3771 624 3849 λόφων
649 3766 763 3834 οίιιοῦσ’

319 3887 350 3944 ct
373 3887 457 3962 apud
481 3888 650 3961 sequiores
673 3887 862 3948 tetrametri
884 3887 1029 3963 speciem
1054 3889 1137 3950 baec
1159 3888 1353 3950 induerunt:

449 3997 497 4060 ἐντί
519 3999 624 4077 λόφων
647 4001 785 4061 οἰκοῦσιν
809 3998 865 4061 κτὲ.

319 4111 445 4175 iocatur
476 4114 599 4190 Epope:
632 4116 735 4176 iocosi
765 4119 879 4176 temen
911 4116 993 4177 nihil
1017 4115 1118 4178 habet
1141 4119 1257 4179 textus
1280 4119 1441 4191 treditus;
1465 4133 1544 4178 nam

319 4224 414 4298 plane
436 4228 577 4290 absurde
599 4228 711 4306 alites,
737 4230 793 4303 qui
815 4229 1005 4305 ingentibus
1025 4232 1135 4292 cristis
1151 4234 1231 4291 sunt
1250 4231 1372 4307 ornati,
1392 4233 1545 4292 dicuntur

318 4334 365 4398 ἐπὶ
400 4342 502 4418 λόφων
537 4342 631 4404 οἰκεῖν
661 4343 734 4405 eive
764 4345 799 4404 ιἰι
829 4341 957 4406 collibus
986 4345 1136 4407 babddrc.
1160 4347 1283 4408 Lucem
1306 4346 1379 4407 loco
1401 4343 1545 4405 reddidit

318 4451 530 4517 Herwerdeni
553 4471 705 4519 acumen.
729 4456 883 4519 comicus
905 4459 1011 4520 dedit:

449 4571 541 4643 τοὺς
564 4571 717 4648 λόφους
740 4569 920 4650 ἔχουσιν,
942 4565 965 4633 ὦ
989 4567 1094 4653 ἀγάθ’,
1116 4571 1283 4648 ἀσφαλείας
1307 4573 1426 4634 οόνεκα.

318 4681 411 4758 Quod
435 4686 571 4745 verbum
595 4684 790 4761 ambiguum
816 4720 855 4730 —
877 4701 954 4746 nam
978 4691 1012 4748 et
1031 4689 1143 4750 cristae
1161 4688 1273 4749 babere
1292 4693 1326 4748 et
1345 4688 1431 4748 coltcs
1444 4691 1543 4746 tencre

349 4940 370 5007 ¹)
392 4945 429 4994 01.
446 4960 505 5009 pag.
524 4948 582 4994 288.

349 5019 372 5080 ²)
390 5024 429 5074 Ol.
446 5040 505 5089 pag.
524 5027 583 5075 ult.
