4375 6284
719 979 761 1025 Dic
784 978 892 1024 'iuxuu
914 977 1066 1024 clumbe.

502 1149 557 1212 oba
580 1149 661 1210 ἔστιν
684 1147 776 1211 οὐδὲν
800 1158 853 1210 τοῦ
878 1147 1022 1211 πέτεσθαι
1045 1150 1239 1232 γλυκύτερον·

501 1261 700 1343 ὀρνιθομανῶ
725 1262 772 1340 δέ,
794 1263 843 1324 καὶ
867 1259 936 1342 μεθ’
961 1262 1047 1342 ὑμῶν
1069 1266 1219 1344 βούλομαι

502 1378 603 1439 οἰκεῖν.
629 1375 686 1457 ἐρῶ
709 1376 766 1459 γὰρ
790 1386 850 1436 τῶν
873 1375 906 1438 ἐν
930 1375 1048 1455 ὄρνισιν
1072 1378 1185 1456 νόμων.

337 1492 430 1568 iisgie
452 1493 554 1553 etism
578 1495 694 1569 aperta
716 1508 770 1554 res
793 1496 845 1554 est
867 1493 1002 1554 Thesm.
1028 1494 1110 1555 758:

504 1605 626 1679 [τουτὶ
656 1604 697 1667 τὸ
728 1604 849 1684 δέρμα
880 1615 946 1683 τῆς
978 1605 1128 1686 ἱερείοις
1159 1607 1359 1687 γίγνεται]

502 1723 531 1779 τί
551 1729 603 1797 τῆς
625 1720 735 1797 ἱερείας
757 1720 906 1800 γίγνεταις
931 1754 971 1764 -
996 1719 1079 1780 τουτὶ
1103 1719 1175 1800 λαβέ
1192 1717 1225 1793 ¹).

300 1831 351 1892 Ubi
370 1834 518 1895 notulam
545 1832 660 1911 „seori
683 1832 717 1895 rb
741 1831 857 1914 δέρματ’
879 1836 913 1895 in
937 1850 1073 1896 versum
1098 1835 1375 1898 molestissimum
1399 1852 1509 1899 excre-

299 1947 375 2008 visse
397 1947 547 2010 videmus
572 1964 690 2010 omues
704 1994 711 2010 .
727 1995 734 2010 .
748 1995 755 2010 .
768 1950 945 2025 postquam
969 1948 1055 2008 dixit
1077 1947 1294 2023 Bakbuyzen.

333 2060 437 2134 Neque
460 2061 543 2125 Rau.
570 2064 655 2123 1431
680 2078 762 2140 sqq„
786 2063 842 2123 ubi
865 2062 1031 2137 Aeschylo
1055 2063 1138 2123 baec
1161 2062 1279 2124 tribuit
1301 2063 1344 2124 R:

503 2174 540 2236 οὔ
564 2174 620 2256 χρὴ
642 2174 761 2248 λέοντος
784 2177 922 2253 σκύμνον
945 2173 977 2236 ἒν
1000 2174 1085 2235 πόλει
1107 2172 1236 2254 τρέφειν·

505 2289 685 2367 [μάλιστα
717 2286 785 2367 μὲν
816 2287 955 2349 λέοντα
987 2286 1058 2367 μὴν
1089 2286 1201 2382 πόλει
1229 2286 1413 2369 τρέφειν’]

503 2401 543 2482 ἣν
567 2399 595 2463 b'
621 2402 754 2489 ἐκτραφῇ
778 2426 834 2482 τις,
856 2409 918 2475 τοῖς
942 2403 1063 2484 τρόποις
1086 2402 1262 2483 ὑπηρετεῖν,

296 2518 412 2580 medius
435 2534 553 2581 versus
575 2520 654 2592 quin
678 2520 811 2594 spurius
835 2520 880 2580 eit
903 2518 1045 2580 dubitari
1069 2522 1194 2596 potest,
1220 2534 1295 2580 cum
1315 2521 1512 2595 praesertim

294 2632 321 2690 in
341 2633 367 2692 V
388 2634 485 2695 desit.
510 2634 668 2695 'trimetri
690 2634 835 2711 speciem
860 2634 967 2694 induit
991 2633 1108 2695 notula
1126 2636 1328 2712 interpretis,
1347 2636 1403 2711 qui
1421 2637 1512 2712 prior

293 2760 357 2818 pars
387 2748 551 2808 enuntiati
581 2748 743 2822 quomodo
771 2762 847 2808 oum
879 2746 985 2808 altera
1015 2748 1207 2809 cohaereret
1235 2748 1333 2823 paulo
1364 2750 1511 2825 apertius

294 2859 428 2922 indicare
452 2861 598 2923 volebat:
623 2861 819 2936 optimum
842 2861 1004 2935 quidem
1027 2865 1083 2920 eei
1106 2861 1224 2921 ιιοιιοοι
1246 2863 1282 2921 br
1308 2863 1426 2923 τσοίσοσο
1444 2878 1508 2922 nore

292 2973 440 3050 ισααοσεο,
471 2977 524 3037 sed
553 2980 606 3037 eie.
635 2975 790 3048 Ceterum
820 2990 885 3036 non
909 2989 990 3036 voce
1021 2973 1133 3034 πόλει
1158 2977 1216 3037 sed
1244 2974 1385 3054 δόμοις
1410 2991 1508 3037 usum

291 3103 357 3148 esee
375 3090 576 3164 Aeschylum
596 3090 877 3166 Aristophaneum
901 3089 988 3148 baud
1010 3089 1188 3149 temeraria
1208 3089 1337 3151 videtur
1355 3091 1509 3166 suspicio.

292 3199 365 3261 Nem
385 3203 496 3264 urbem
514 3205 571 3278 qui
591 3205 684 3280 dicit,
706 3205 788 3264 dicit
806 3203 1015 3264 Alcibiadem:
1036 3203 1182 3278 imagine
1198 3204 1253 3279 qui
1265 3204 1370 3264 utitur
1385 3204 1510 3280 „leonis

290 3315 392 3379 catulo
414 3318 502 3378 inira
520 3319 655 3393 parietes
676 3316 788 3380 locum
811 3332 875 3378 non
900 3317 997 3377 esse”
1020 3317 1129 3378 dicere
1152 3316 1265 3391 debet;
1288 3319 1435 3393 spatium
1453 3317 1510 3379 iiie

290 3431 416 3503 requirit
431 3435 466 3492 et
480 3432 588 3493 esitus
602 3433 782 3507 montium,
803 3431 1035 3506 angustiarum
1047 3432 1307 3492 domesticarum
1319 3432 1510 3507 impatiens.

328 3659 375 3720 Ad
399 3661 517 3722 borum
540 3660 688 3722 iocorum
711 3661 903 3737 exemplum
924 3661 1154 3723 considerandi
1174 3663 1255 3722 sunt
1274 3665 1453 3737 sequentes
1468 3657 1509 3732 '):

371 3774 449 3835 Acir¹
474 3775 549 3836 408.

329 3889 382 3959 [-
402 3883 482 3947 ἀλλ’
510 3885 793 3966 ἒκιιοοιλήθητι.
815 3921 855 3934 -
873 3883 955 3948 ἀλλ’
981 3885 1194 3949 ἀδύνατον.
1214 3923 1255 3934 -
1277 3885 1356 3948 tii'
1383 3889 1507 3968 ὅμως]

330 4035 368 4044 -
392 3997 451 4061 ἀλλ’
479 4000 709 4079 ἐκκυκλήσομαι·
732 4003 926 4080 καταβαίνειν
950 3997 977 4063 δ’
1004 4002 1041 4062 οὐ
1066 4002 1167 4082 σχολή.

286 4113 447 4190 originem
479 4116 636 4178 versiculi
666 4116 813 4193 molesti,
845 4118 940 4178 cuius
970 4133 1048 4194 pars
1078 4119 1242 4194 posterior
1272 4134 1290 4178 e
1320 4120 1508 4180 versutos

286 4232 333 4289 est
365 4231 518 4306 repetita,
554 4229 700 4291 ostendit
733 4229 775 4306 R,
812 4230 867 4305 qui
899 4231 1069 4305 sequentis
1105 4245 1222 4291 versus
1256 4231 1352 4292 initio
1380 4231 1511 4293 litteras

286 4359 372 4418 οομαι
392 4343 483 4406 verbi
502 4339 723 4420 ἐκκυκλήσομαι
742 4343 776 4404 in
796 4343 897 4404 iitura
917 4343 1029 4420 babet,
1051 4359 1071 4405 a
1090 4346 1274 4406 correctore
1285 4345 1445 4420 scriptas:
1469 4379 1504 4390 -

285 4460 352 4535 θρα
376 4473 485 4520 errore
507 4456 631 4518 librarii
654 4458 817 4534 scriptum
838 4457 917 4520 oiim
937 4473 996 4534 pro
1015 4473 1094 4519 vera
1110 4459 1252 4520 lectione
1271 4461 1323 4520 est
1344 4458 1510 4536 habitum,

285 4583 363 4643 quae
388 4572 484 4635 lectio
508 4573 582 4634 dein
607 4572 757 4634 excrevit
780 4573 813 4633 in
837 4575 948 4632 totum
972 4573 1177 4633 trimetrum.

317 4887 335 4950 ¹)
353 4891 473 4938 Presstst
490 4896 565 4940 τουσι·
582 4891 650 4954 λαβέ,
665 4890 736 4950 qnod
754 4891 828 4938 dedit
845 4891 939 4950 Bergk.

314 4965 335 5026 ')
354 4969 481 5018 Tacitum
505 4984 537 5018 ue
561 4971 643 5028 fleret,
666 4971 763 5017 omisso
784 4970 1003 5030 insequentibus
1021 4975 1083 5019 enni
1098 4975 1203 5021 nomina
1221 4987 1311 5021 eornm
1329 4976 1374 5034 qui
1392 4974 1511 5034 singulos

285 5061 373 5098 venus
391 5051 416 5098 in
434 5053 612 5113 suspicionem
631 5056 765 5099 vocarunt.
