4375 6284
661 892 727 952 200
1095 904 1385 951 οαειωττοοιιοα

663 1074 704 1151 ὡς
726 1076 856 1158 γεωργδς
879 1077 988 1149 δούλος
1010 1076 1147 1137 ἔσταλται
1168 1076 1211 1149 είς
1233 1076 1285 1137 τὸν
1309 1075 1403 1158 ἀγρδν
1429 1076 1482 1138 τὸν
1506 1076 1666 1157 άμπελῶνα
1690 1078 1879 1161 ἐργάσασθαι,

664 1189 840 1264 ἀνεσπακὼς
863 1187 897 1251 δέ
919 1188 1039 1275 δικέλλη
1061 1190 1241 1269 προρρίζους
1266 1189 1316 1263 τὰς
1339 1189 1490 1269 ἀμπέλους
1511 1194 1730 1273 νωτοφορήσας
1747 1217 1777 1256 τε
1794 1193 1876 1267 αύτδς

665 1306 708 1379 είς
730 1305 764 1367 τὸ
786 1304 898 1384 οῖκημα
928 1313 981 1366 τού
1003 1312 1137 1386 γεωργοῦ
1158 1302 1178 1376 ¹)
1208 1301 1373 1384 θωμούςέ)
1400 1328 1431 1367 τε
1453 1306 1600 1388 μεγάλους
1624 1306 1745 1387 ἐποίησε
1765 1307 1877 1369 καὶτὸν

666 1421 786 1501 κρείττω
807 1429 867 1481 τῶν
889 1421 972 1499 βοῶν
994 1420 1095 1491 θύσας
1118 1416 1170 1479 καί
1187 1418 1241 1480 τδν
1259 1425 1397 1480 πιθεῶνα
1416 1420 1578 1499 διαρρήξας
1596 1420 1647 1483 καί
1665 1421 1718 1483 τδν
1735 1422 1878 1482 κάλλιστον

666 1534 763 1597 πίθον
785 1532 993 1613 άποπωμάσας
1016 1532 1069 1605 τὰς
1090 1534 1192 1613 θύρας
1213 1555 1244 1595 τε
1267 1531 1308 1608 ὡς
1332 1536 1479 1614 τράπεζαν
1501 1534 1569 1608 δελς
1591 1534 1683 1615 ήσθιέ
1699 1558 1730 1597 τε
1754 1534 1804 1597 καί
1824 1536 1879 1597 ἐπι-

668 1672 722 1712 νεν
750 1649 848 1733 ᾅδων,
873 1647 924 1710 καί
953 1658 993 1733 τῳ
1020 1658 1182 1727 προεστῶτι
1204 1644 1238 1709 δέ
1259 1657 1314 1710 τοῦ
1336 1647 1433 1730 ἀγροῦ
1456 1648 1547 1727 δριμύ
1571 1647 1684 1730 ἐνορῶν
1708 1648 1808 1729 φέρειν
1829 1648 1880 1711 ἐκέ·
1965 1674 1966 1707 ι

669 1770 755 1826 λευεν
788 1761 885 1844 ὡραῖά
918 1784 948 1823 τε
977 1760 1028 1823 καλ
1057 1766 1263 1841 πλακοῦντας,
1291 1760 1343 1823 καῖ
1372 1761 1453 1837 τέλος
1484 1762 1555 1825 ὅλον
1581 1764 1718 1843 ποταμὸν
1739 1764 1812 1845 πρὸς
1833 1764 1882 1841 τήν
1965 1824 1966 1857 ,

668 1877 795 1941 ἔπαυλιν
816 1875 929 1958 τρέψας
953 1875 988 1937 τά
1010 1876 1109 1937 πάντα
1131 1873 1339 1937 κατέκλυσεν“.
1362 1876 1423 1939 ἐστι
1445 1875 1478 1939 δέ
1501 1878 1534 1940 τὸ
1557 1888 1695 1941 τοιοῦτον
1719 1879 1882 1958 Εὐριπίδου
1965 1890 1966 1897 ³

666 1993 776 2074 δρᾶμα·
805 2000 930 2054 τοιαύτα
960 1988 994 2052 δέ
1019 1990 1077 2052 είσι
1101 1989 1137 2052 τά
1156 1990 1301 2070 σατυρικὰ
1320 1992 1466 2071 δράματα.
1488 1990 1571 2066 τέλος
1594 1990 1627 2055 δέ
1650 1994 1814 2079 τραγῳδίας
1835 1990 1882 2071 μὲν

664 2108 749 2169 λύειν
771 2106 829 2168 τδν
850 2105 938 2186 βίον,
960 2104 1120 2191 κωμῳδίας
1151 2102 1185 2166 δέ
1214 2115 1357 2167 συνιστᾶν
1379 2106 1483 2185 αύτδν,
1506 2117 1668 2188 σατυρικῆς
1691 2107 1725 2169 δέ
1747 2109 1882 2179 τοιούτοις

665 2225 840 2300 θυμελικοῖς
863 2224 1082 2300 γαριεντιομοῖς
1105 2220 1296 2299 καθηδύνειν
1318 2219 1420 2283 αύτόν.
1440 2220 1558 2301 λυρικολ
1576 2221 1623 2301 δέ,
1642 2223 1675 2284 οί
1689 2221 1740 2283 καί
1758 2218 1881 2284 κυκλικοῖ

664 2334 716 2397 καλ
735 2334 957 2414 διθυραμβικοί
976 2327 1015 2412 ⁸),
1030 2332 1052 2414 ῆ
1071 2332 1208 2413 ἀθλητάς
1228 2332 1323 2415 δγῶσι
1337 2345 1485 2409 νικῶντας
1497 2334 1632 2421 ἐπῄνουν
1644 2334 1664 2417 ή
1676 2336 1728 2398 τὸν
1740 2337 1882 2398 Διόνυσον

664 2450 786 2528 ύμνουν
809 2446 830 2529 ή
852 2446 972 2528 ἐτέρους
994 2449 1099 2521 θεούς.

714 2561 758 2624 ἐτι
769 2557 795 2634 ⁴)
825 2563 923 2626 λστέον
947 2564 993 2626 δτι
1021 2561 1098 2624 κατά
1121 2564 1289 2625 Διονύσιον
1310 2562 1361 2624 καί
1386 2563 1526 2643 Κράτητα
1549 2562 1601 2625 καῖ
1626 2563 1796 2643 Εύκλείδην
1816 2561 1882 2641 μέρη

668 2677 828 2763 κωμῳδίας
850 2676 906 2740 εῖσλ
927 2677 1066 2758 τέσσαρα·
1089 2676 1253 2758 πρόλογος,
1274 2676 1363 2756 μέλος
1386 2678 1495 2757 γάρου,
1517 2676 1688 2740 ἐπεισόδιον
1710 2676 1762 2740 καὶ
1783 2676 1884 2751 ἔξοδος,

668 2791 720 2853 καί
749 2793 897 2873 πρόλογος
927 2790 982 2870 μέν
1009 2789 1070 2853 ἐστι
1093 2790 1126 2852 τὸ
1149 2790 1233 2871 μέχρι
1256 2800 1310 2853 τοῦ
1329 2800 1422 2870 χοροῦ
1444 2799 1497 2870 τῆς
1520 2791 1651 2854 είσδδου.
1675 2788 1695 2870 ἡ
1719 2788 1752 2853 δέ
1774 2792 1883 2873 άματῆ

667 2906 775 2993 είσύδῳ
805 2915 859 2968 τοῦ
890 2914 982 2986 χοροῦ
1004 2904 1149 2987 λεγομένη
1173 2905 1259 2986 βῆσις
1282 2903 1370 2984 μέλος
1393 2911 1524 2969 καλεῖται
1547 2916 1648 2987 χοροῦ.
1672 2904 1836 2968 ἐπεισόδιον
1857 2900 1884 2963 δι’

667 3020 728 3083 ἐστι
758 3019 847 3100 μέρος
876 3019 987 3099 μεταξύ
1010 3024 1108 3099 μελῶν
1131 3019 1181 3080 καλ
1205 3019 1322 3101 ῥήσεων
1345 3020 1402 3082 δύο
1424 3030 1553 3100 χορικῶν
1569 3015 1601 3093 ⁶).
1633 3020 1736 3095 ἔξοδος
1760 3018 1792 3081 δέ
1813 3017 1884 3080 ἐστιν

667 3132 688 3215 ή
712 3134 787 3215 πρὸς
811 3146 851 3219 τῷ
873 3132 947 3195 τέλει
969 3142 1024 3196 τού
1054 3142 1148 3214 χοροῦ
1171 3133 1266 3214 βῆσις.
1290 3132 1365 3214 μέρη
1392 3131 1426 3195 δέ
1448 3136 1647 3215 παραβάσεως
1670 3133 1753 3195 ἑπτά·
1775 3132 1884 3204 έπτάτις

665 3248 722 3330 γάρ
745 3246 762 3310 δ
785 3247 873 3329 χορὸς
896 3245 1031 3329 ὠρχεῖτο,
1055 3245 1178 3308 ἐπειδάν
1201 3246 1243 3319 είς
1266 3245 1323 3325 τήν
1347 3244 1514 3329 ὀρχήστραν
1537 3247 1704 3330 εἰσήρχετο,
1726 3245 1766 3327 ἣν
1788 3242 1885 3325 δήκαὶ

665 3368 785 3444 λογεῖον
816 3366 973 3424 καλοῦσιν.
1003 3358 1024 3441 ή
1047 3358 1104 3440 μέν
1127 3352 1185 3423 ούν
1208 3362 1312 3441 πρώτη
1335 3360 1458 3441 δρχηοις
1481 3364 1648 3441 κομμάτιον
1672 3360 1800 3443 ἐλέγετο,
1819 3356 1838 3438 ή
1859 3354 1885 3418 δέ

665 3474 789 3556 δευτέρα
811 3478 984 3557 παράβασις
1008 3472 1177 3554 ὁμωνύμως
1197 3485 1236 3559 τῷ
1256 3474 1337 3556 γένει
1357 3474 1489 3537 ἐκαλεῖτο
1509 3474 1646 3558 (καὶγὰρ
1666 3476 1700 3538 τὸ
1719 3476 1790 3538 δλον
1808 3483 1884 3536 τοῦτο

665 3590 874 3671 έπτάστροφον
905 3600 1003 3671 σχῆμα
1033 3590 1206 3670 παράβασις
1238 3588 1396 3670 ἐκαλεῖτο),
1428 3586 1448 3669 ἡ
1480 3587 1513 3652 δέ
1543 3592 1625 3670 τρίτη
1655 3590 1787 3671 μακρόν,
1814 3586 1833 3668 ή
1857 3582 1884 3647 δέ

666 3706 789 3786 τετάρτη
821 3704 886 3791 ᾠδή
914 3703 967 3767 καλ
996 3704 1124 3785 στροφή,
1146 3700 1166 3782 ἡ
1189 3700 1223 3765 δέ
1245 3702 1365 3783 πέμπτη
1396 3702 1555 3785 ἐπίρρημα,
1584 3700 1661 3783 ήδέ
1683 3702 1753 3784 ῖκτη
1776 3700 1884 3789 ἀντῳδὴ

666 3818 718 3882 καί
747 3817 960 3899 ἀντίστροφος,
989 3815 1009 3898 ή
1033 3814 1067 3879 δέ
1089 3815 1206 3897 ἐβδδμη
1230 3816 1443 3897 διντεπίρρημα.
1468 3816 1614 3880 εἰσελθὼν
1633 3809 1691 3879 ούν
1712 3816 1728 3880 ὁ
1747 3818 1831 3899 γορδς
1851 3814 1885 3886 είς

665 3933 721 4014 τήν
740 3931 906 4015 ὀρχήστραν
925 3930 1043 4011 μέτροις
1063 3930 1123 3992 τισί
1143 3929 1286 4012 διελέγετο
1302 3936 1364 4005 τοῖς
1375 3930 1552 4012 ὑποκριταῖς
1564 3930 1616 3993 καί
1626 3931 1703 4011 πρὸς
1715 3932 1771 4009 τήν
1782 3928 1886 4009 σκηνὴν

665 4046 744 4129 έάρα
763 4057 815 4127 τῆς
833 4047 1002 4132 κωμῳδίας.
1022 4042 1061 4106 δν
1080 4036 1139 4107 ούν
1158 4042 1199 4117 ὡς
1222 4044 1254 4105 ἐν
1273 4045 1386 4118 πόλεως
1405 4044 1522 4125 ἐβάδιζε
1542 4045 1618 4125 πρὸς
1636 4045 1669 4107 τὸ
1688 4045 1827 4127 θέατρον,
1844 4041 1885 4104 διὰ

665 4172 719 4242 ῐῆς
749 4160 906 4242 ἀριστερᾶς
937 4158 1050 4238 ἆψῖδος
1079 4158 1213 4240 ἐβαινεν,
1241 4156 1280 4219 ἂν
1311 4155 1339 4220 δ’
1373 4156 1414 4232 ὧς
1437 4154 1486 4220 ἀπ’
1512 4158 1622 4241 ἐιγρού,
1641 4158 1693 4221 διά
1714 4168 1768 4238 τῆς
1790 4160 1884 4233 δεξιᾶς·
1965 4150 1966 4199 ἶ

665 4273 951 4357 τετραγωνιξύμενύς
982 4297 1012 4335 τε
1034 4270 1051 4334 δ
1074 4272 1162 4354 χορὸς
1184 4272 1260 4353 πρδς
1282 4272 1397 4351 μόνους
1420 4271 1498 4353 έύρα
1520 4273 1591 4347 τούς
1614 4274 1786 4355 ὑποκριτάς·
1809 4271 1885 4333 δατεῖ-

700 4494 720 4556 ¹)
734 4505 778 4546 τοῦ
794 4499 911 4563 γιιργκύ]
927 4507 1032 4565 γιιργού
1049 4508 1092 4547 τού
1108 4502 1183 4563 δγρού
1200 4503 1330 4560 expunoto
1347 4506 1451 4564 γεωργοῦ
1468 4498 1543 4546 codd.

702 4574 726 4639 ²)
743 4582 841 4636 θομους
856 4579 960 4641 Nauck]
977 4582 1063 4643 ὅρκιος
1079 4581 1122 4627 vol
1136 4585 1236 4641 ψωμούς
1256 4579 1332 4627 οοδδ.

702 4653 724 4722 ¹)
740 4658 915 4723 ιιυισιναν
931 4659 1029 4721 Βοαι]
1047 4666 1122 4721 νον·

700 4733 723 4798 ‘J
740 4737 813 4794 Quae
836 4740 863 4785 in
885 4738 1018 4799 §fio-⁸1
1044 4739 1169 4797 leguntur
1191 4740 1271 4786 otim
1294 4738 1321 4785 in
1345 4738 1365 4783 V
1388 4742 1450 4784 εωατ
1473 4740 1597 4797 οτοοτρια
1617 4748 1678 4796 ρας.
1701 4730 1884 4789 180-18251

668 4820 696 4864 τι
713 4820 738 4873 κ,
856 4852 863 4865 .
931 4854 938 4867 ,

699 4892 720 4955 ⁸)
736 4819 855 4960 12:⁶⁸¹}
869 4819 950 4964 χξιρέιν
967 4898 1057 4955 σοβάς
1076 4900 1110 4947 οῖ.
1127 4902 1281 4960 οτοοτριιιια
1301 4899 1329 4945 in
1345 4897 1367 4945 V
1383 4910 1443 4958 pus.
1461 4898 1509 4944 182
1531 4898 1575 4954 Η
1594 4898 1621 4942 οι
1638 4896 1758 4955 suomi
1775 4892 1886 4950 excom!

666 4988 727 5036 ρις.
748 4978 795 5025 194
812 4979 827 5039 5
842 4980 867 5027 ο.
