4375 6284
745 917 824 962 vrrs
848 917 887 964 un
911 917 1079 964 oerarnns.
1463 883 1523 964 lut

334 1090 484 1165 Aeschylus
517 1089 616 1152 choro
649 1089 794 1151 tribuere
827 1089 946 1151 solitus
979 1089 1039 1166 sit,
1074 1088 1212 1151 ridicule
1242 1089 1403 1152 imitando
1433 1089 1528 1152 docet

335 1205 484 1280 Euripides:
519 1217 651 1279 semper
684 1203 800 1265 eodem
834 1203 986 1264 redibant
1015 1202 1086 1280 1110,
1119 1203 1193 1264 soni
1222 1204 1317 1264 erant
1348 1203 1427 1265 vani
1456 1204 1528 1264 sine

333 1333 413 1378 sensu.
432 1317 616 1392 Aeschylus
639 1317 755 1379 deinde
778 1316 970 1378 monodiam
994 1316 1179 1394 Euripideis
1202 1316 1348 1379 similem
1365 1332 1402 1379 se
1421 1320 1527 1379 canta·

333 1433 415 1492 iurum
436 1431 495 1507 ait,
516 1434 554 1492 ut
572 1430 726 1493 ostendat
744 1431 861 1504 quanti
877 1430 1068 1492 faciendum
1088 1432 1134 1492 sit
1152 1430 1233 1492 iilud
1253 1432 1324 1492 eius
1339 1431 1527 1507 inventum,

332 1545 392 1617 qued
419 1546 459 1606 ab
487 1545 560 1619 ipso
590 1543 814 1620 singularibus
844 1543 1041 1619 quibusdam
1072 1544 1226 1606 laudibus
1250 1543 1442 1607 celebretur.
1467 1546 1528 1606 Sed

332 1657 381 1732 ipre
397 1658 435 1719 eb
457 1658 620 1721 eiusmodi
642 1659 788 1720 carmine
810 1659 942 1720 abesto:
966 1657 1090 1720 talibus
1114 1657 1264 1720 versibus
1287 1637 1353 1720 alia
1375 1660 1529 1720 convenit

332 1771 449 1847 supellex
472 1773 616 1834 musical

360 1887 460 1962 inque
490 1889 671 1949 advocatur
694 1887 852 1948 cantricis
875 1887 1157 1950 circumforaneae
1180 1902 1285 1964 nuper
1308 1889 1378 1950 vita
1399 1889 1532 1950 iunctae

331 2001 431 2078 unhre,
474 2016 558 2076 quae
593 2001 807 2078 crepitaculis
840 2003 912 2063 suis
945 2004 1075 2064 accinat
1110 2002 1274 2078 Aeschylo
1308 2017 1413 2065 novae
1446 2002 1529 2063 artis

330 2115 467 2188 specimen
502 2116 630 2177 edituro
665 2115 705 2177 de
739 2119 936 2192 argumento
970 2131 991 2177 a
1024 2116 1269 2192 spectatoribus
1303 2116 1390 2178 haud
1422 2116 1529 2178 alieno
1587 2117 1589 2122 '

331 2229 450 2303 quodque
479 2230 520 2290 ab
549 2229 592 2290 iis
621 2229 781 2292 diudicari
810 2230 927 2308 possit.
955 2230 996 2290 iit
1027 2233 1079 2292 est
1109 2246 1190 2292 sane
1222 2231 1328 2292 cuivis
1357 2231 1528 2292 intellectu

330 2337 409 2403 iectie.
438 2342 529 2418 Quod
552 2344 582 2404 si
605 2344 693 2406 vitae
715 2344 924 2418 quotidianae
949 2344 1057 2405 verbis
1080 2345 1279 2419 enuntietur,
1304 2343 1530 2407 huiuscemodi

330 2452 374 2513 eit:
391 2457 657 2532 ‚materfamilias
672 2457 849 2534 quaedam,
869 2472 970 2532 quam
989 2456 1210 2519 dormientem
1230 2458 1393 2534 oppressit
1407 2458 1528 2520 insom-

332 2567 431 2646 enium,
452 2571 683 2647 expergefacta
700 2571 825 2647 galium
845 2585 946 2631 suum
967 2570 1187 2646 gallinaceum
1208 2586 1373 2646 nusquam
1392 2572 1527 2648 reperit,

332 2679 402 2751 ,dein
421 2683 590 2745 advocatis
611 2684 783 2747 lictoribus
804 2701 824 2746 a
846 2685 956 2746 vicina
977 2685 1154 2760 repeseni·

362 2794 436 2859 Haec
464 2798 565 2873 igitur
594 2799 749 2860 materies
779 2813 855 2860 vere
877 2797 1061 2859 domestica
1083 2799 1246 2858 tractetur
1268 2798 1301 2858 in
1325 2798 1451 2859 cantico
1476 2797 1528 2858 tri·

329 2909 439 2986 perdiu,
459 2911 559 2971 variis
577 2910 736 2973 adhibitis
755 2911 837 2972 artis
858 2911 1052 2972 recentioris
1071 2910 1256 2987 lenociniis,
1277 2910 1385 2984 qualia
1397 2910 1530 2971 adamat

330 3016 406 3082 horno
425 3024 527 3085 nimis
551 3027 720 3102 versutus,
745 3025 848 3085 nimis
872 3023 1022 3085 callidus.

902 3400 928 3460 1.

483 3599 529 3675 ,0
553 3600 660 3676 caligo
681 3601 857 3663 iuseicolor

485 3714 631 3788 ,Noctisl
655 3715 739 3776 mihi
761 3731 861 3792 quam
883 3715 993 3776 mittis
1015 3715 1229 3777 lacrimosum

485 3829 711 3904 „spectaclum
735 3847 754 3892 e
774 3830 936 3892 tenebris:
960 3830 1113 3906 Stygium
1137 3831 1315 3906 tumulum,

485 3975 547 4018 ,-
569 3944 723 4022 Vivebat,
747 3947 805 4007 sed
827 3945 901 4006 sine
924 3946 1009 4006 vitai
1037 3977 1077 3990 -

485 4057 615 4132 ‚Genus
637 4059 802 4135 nigrantis
824 4059 899 4120 Orci

485 4171 659 4245 „taetrum
681 4172 948 4247 horrendumque
970 4171 1144 4248 adspectui

483 4283 674 4359 ‚regimine
697 4285 868 4348 cadaveris
891 4286 984 4361 niger
1007 4289 1079 4347 erat
1104 4284 1279 4359 oculosque
1303 4301 1399 4348 cruor

483 4397 620 4474 ,110101;
644 4399 708 4462 heu
731 4399 855 4475 digitus
878 4399 1043 4461 01000001

476 4728 545 4800 ,Α1
568 4727 649 4788 mihi
671 4727 756 4789 ferte
779 4726 886 4789 lacem
910 4726 1056 4788 famulae
1079 4727 1158 4804 cito,

479 4839 530 4914 ,11
551 4842 652 4904 liuvio
675 4841 787 4903 situlis
811 4842 945 4903 laticem
969 4843 1071 4917 petite
1094 4844 1128 4902 et
1152 4840 1307 4902 calefacto

480 4953 551 5028 „Ur
571 4971 702 5019 sacram
725 4955 869 5031 speciem
893 4956 991 5018 tacite
1015 4954 1164 5016 abluam!
