4375 6284
769 977 848 1024 vrnn
874 978 913 1024 nu
936 978 1105 1026 cremans.
1504 969 1546 1029 59

332 1154 436 1214 adesse
459 1153 589 1229 possint
596 1169 605 1224 ;
625 1152 701 1213 dein
727 1151 758 1211 si
781 1150 901 1212 faverit
924 1165 1016 1227 sors,
1040 1152 1215 1225 postquam
1240 1152 1398 1213 sederunt
1419 1156 1453 1214 et
1475 1169 1546 1214 sen-

331 1268 459 1328 tentiam
494 1267 659 1342 tulerunt,
695 1280 772 1326 cunr
806 1265 992 1326 trinummo
1028 1280 1089 1326 suo
1124 1265 1204 1326 laeti
1234 1269 1461 1344 revertuntur,
1496 1270 1549 1327 est

331 1381 408 1441 enim
440 1380 528 1442 unde
557 1380 652 1440 uxori
683 1382 717 1440 et
740 1379 852 1439 liberis
874 1378 970 1439 hodie
993 1377 1190 1455 praebeatur
1213 1380 1364 1455 polenta;
1389 1382 1439 1442 sin
1464 1382 1546 1443 desi·

330 1494 413 1570 gnati
443 1507 510 1553 non
541 1492 681 1568 tuerint,
712 1491 827 1570 vacuis
857 1491 1013 1552 manibus
1044 1492 1181 1553 domum
1211 1495 1380 1568 repetunt:
1404 1510 1470 1556 non
1491 1493 1545 1554 ha·

330 1609 397 1669 bant
423 1609 509 1669 unde
531 1622 648 1684 peram
672 1605 845 1667 flaccidum
870 1605 1034 1682 repleant,
1058 1607 1199 1667 moestis
1223 1607 1422 1668 clamoribus
1439 1624 1459 1668 a
1477 1609 1547 1669 suis

329 1723 531 1798 recipiuntur,
565 1721 724 1795 quoniam
760 1719 971 1780 esuriendum
1012 1719 1109 1780 hodie
1142 1720 1206 1781 erit
1239 1721 1403 1782 omnibus.
1438 1721 1547 1782 Hocce

329 1835 473 1897 videlicet
506 1833 685 1910 imperinm
720 1836 796 1909 post
829 1831 922 1892 mille
956 1831 1087 1892 labores
1121 1847 1179 1908 per
1213 1834 1321 1894 maria
1353 1849 1411 1911 per
1441 1837 1548 1896 terras

327 1949 509 2010 exantlatos
541 1949 677 2008 strenua
700 1945 823 2008 virtute
847 1944 910 2005 sibi
932 1948 1132 2020 pepererunt
1153 1945 1309 2007 Graeciae
1331 1945 1381 2006 illi
1403 1947 1544 2009 dominil

366 2173 509 2235 Fabulae
541 2172 638 2234 initio
668 2173 732 2233 duo
766 2171 854 2233 servi
888 2170 1117 2247 adspiciuntur
1151 2174 1229 2233 anta
1259 2173 1357 2234 aedes
1386 2173 1545 2248 quasdam

327 2287 450 2348 clausas
474 2287 644 2361 audentea,
670 2285 703 2345 ln
726 2288 815 2346 tecto
838 2287 951 2346 autem
976 2284 1135 2345 excubias
1157 2285 1227 2360 agit
1248 2285 1358 2348 herus.
1382 2287 1435 2348 Sic
1458 2287 1547 2348 enim

326 2400 363 2460 iis
384 2403 482 2462 noctu
506 2399 722 2461 custodienda
746 2400 798 2458 ost
820 2413 922 2458 saeva
944 2397 1050 2458 belua.
1074 2398 1219 2460 Beluane
1242 2400 1398 2478 Athenis,
1423 2399 1548 2475 inipso

326 2513 378 2574 illa
411 2514 488 2574 sede
522 2513 719 2575 musarum?
753 2511 818 2588 Ita,
854 2526 919 2572 non
954 2513 1067 2572 tamen
1107 2512 1307 2590 quadrupes,
1350 2513 1409 2574 sed
1443 2512 1546 2588 bipes.

327 2627 444 2702 Nempe
468 2626 540 2688 heri
562 2628 657 2703 pater
680 2625 765 2700 apud
788 2623 899 2700 ipsum
924 2623 1078 2685 habitans
1100 2626 1185 2686 miro
1208 2626 1420 2700 inauditoque
1438 2626 1547 2687 rurore

328 2743 376 2800 esi
406 2741 587 2815 correptus.
618 2737 664 2800 Ut
695 2738 778 2798 alios
808 2736 944 2798 morbus
974 2738 1087 2813 regius
1118 2738 1170 2800 vel
1193 2739 1330 2800 morbus
1353 2739 1545 2818 comitialis,

328 2853 371 2914 sic
407 2868 484 2914 eum
515 2851 640 2913 invasit
670 2851 807 2912 morbus
837 2850 1013 2927 iudicialis,
1045 2852 1173 2912 malum
1197 2852 1547 2931 vehementissimum,

326 2967 409 3039 quod
431 2967 637 3041 requiescere
660 2966 824 3026 miserum
849 2978 964 3025 sonem
988 2979 1053 3026 non
1077 2966 1169 3028 sinit.
1202 2964 1283 3040 Quid
1313 2981 1378 3026 uon
1402 2968 1547 3027 tentavit

326 3079 409 3141 iilius
432 3084 468 3142 ut
492 3084 620 3156 patrem
646 3079 854 3140 carissimum
879 3081 1031 3139 sanaret!
1064 3078 1200 3139 Balneis
1223 3083 1256 3139 et
1278 3079 1544 3141 incubationibus

324 3199 355 3253 et
387 3193 664 3256 incantationibus
705 3195 836 3268 pestem
877 3192 971 3252 illam
1006 3192 1202 3252 sollicitavit
1237 3193 1377 3266 frustra,
1412 3195 1545 3269 iamque

324 3309 482 3369 inclusum
513 3309 605 3368 intus
628 3310 734 3384 tenet,
767 3308 856 3368 certe
878 3309 915 3367 ut
938 3309 1051 3368 teneat
1074 3320 1210 3382 operam
1234 3307 1292 3368 dat
1315 3322 1463 3385 omnem,
1487 3309 1545 3370 sed

324 3423 416 3484 modo
456 3420 641 3498 parietibus
682 3418 824 3481 insultat
865 3419 964 3480 homo
1007 3423 1164 3496 aegrotus
1197 3422 1415 3493 quantumvis
1448 3422 1545 3483 annis

324 3541 472 3611 onustus,
498 3535 598 3594 modo
621 3549 679 3609 per
702 3533 872 3594 caminum
896 3533 951 3594 vel
974 3548 1032 3607 per
1054 3536 1165 3594 truam
1189 3533 1372 3594 subducere
1395 3550 1431 3596 se
1452 3551 1543 3596 cona·

323 3653 390 3722 tur3
413 3653 446 3710 et
468 3649 534 3710 nisi
558 3648 690 3709 clausae
710 3662 843 3721 semper
863 3650 976 3707 essent
994 3647 1176 3723 fenestrae,
1197 3647 1311 3708 clausa
1330 3649 1544 3726 essetianua,

324 3762 443 3822 retibus
473 3761 550 3823 aula
581 3765 673 3822 esset
704 3760 849 3837 obtecta,
881 3761 1005 3822 dudum
1036 3761 1126 3822 foras
1156 3761 1332 3822 evasisset.
1355 3762 1544 3824 Philocleon

323 3876 392 3936 seui
414 3879 464 3937 est
488 3890 624 3951 nomen,
649 3875 848 3949 Bdelycleon
871 3872 952 3950 iilic,
974 3875 1059 3935 alter
1077 3875 1179 3950 igitur
1198 3875 1381 3937 abominari
1400 3892 1437 3938 se
1456 3876 1543 3938 Gleo·

323 4003 411 4066 nem,
436 3991 518 4052 alter
541 3989 677 4065 diligere
701 3992 734 4050 st
757 3989 913 4050 admirari
937 3991 1008 4065 ipso
1032 3990 1168 4051 nomine
1191 3987 1374 4065 profitetur.

364 4101 497 4178 Iamque
523 4101 714 4187 diluculum
750 4105 802 4163 est
838 4107 871 4163 et
906 4104 996 4164 senis
1031 4105 1155 4164 adsunt
1189 4102 1334 4179 sodales,
1369 4103 1403 4163 in
1434 4103 1543 4165 torum

325 4231 412 4277 more
438 4218 537 4279 solito
560 4218 667 4294 primo
692 4233 789 4278 mane
813 4217 973 4279 abeuntes
997 4221 1031 4278 et
1054 4217 1298 4278 Philocleouem
1323 4233 1341 4278 e
1364 4217 1461 4279 domo
1482 4233 1545 4278 sua

325 4335 510 4408 evocantes
539 4335 578 4392 ut
601 4332 690 4406 ipsos
714 4332 899 4393 comitetur.
928 4333 1050 4392 Audito
1073 4333 1186 4393 autern
1210 4333 1285 4406 quid
1308 4333 1356 4393 rei
1379 4333 1438 4409 sit,
1462 4332 1542 4393 iero·

326 4445 455 4506 cissima
486 4447 567 4507 baec
598 4444 800 4508 crabronum
833 4447 1018 4508 Atticorum
1052 4461 1146 4523 gons,
1170 4461 1254 4521 quae
1277 4447 1375 4520 longo
1398 4449 1432 4506 et
1453 4461 1541 4521 prae·

324 4563 415 4618 acuto
437 4559 558 4635 angulo
581 4562 633 4620 est
663 4561 807 4636 munita,
841 4561 985 4620 amicum
1010 4561 1043 4620 vi
1066 4560 1207 4621 liberare
1229 4566 1378 4623 conatur.
1401 4562 1439 4622 ln
1462 4560 1541 4620 Bde-

324 4669 500 4744 lycleonem
516 4675 652 4747 eiusque
673 4674 845 4734 ministros
864 4673 902 4734 iit
920 4675 1080 4750 impetus,
1106 4678 1241 4736 aestuat
1259 4691 1382 4751 pugna,
1407 4674 1542 4735 tandem

326 4783 421 4846 elficit
441 4789 634 4850 adolescens
658 4793 695 4849 ut
716 4789 844 4849 dicendi
868 4789 931 4849 sibi
954 4788 1012 4849 liat
1034 4789 1191 4866 facultas,
1212 4791 1287 4851 dein
1308 4790 1394 4866 patri
1414 4791 1541 4850 ceteris-

324 4913 385 4969 que
415 4902 547 4964 ssnibus
582 4904 850 4963 demonstratum
884 4903 923 4977 it,
962 4903 1070 4963 satius
1101 4905 1142 4963 iis
1173 4919 1246 4965 esse
1279 4905 1372 4965 domi
1408 4921 1542 4964 manere

324 5011 433 5075 otiosis
454 5031 554 5091 quam
577 5017 667 5078 dirae
690 5017 747 5077 isti
770 5017 822 5077 ius
846 5017 974 5079 dicendi
998 5017 1126 5080 libidini
1151 5019 1329 5094 indulgere.
1353 5020 1543 5080 Audiendos
