4375 6284
687 965 752 1024 164
1204 975 1246 1021 nr
1268 974 1394 1021 aornar

682 1151 743 1212 lim
766 1149 884 1212 deduci
907 1148 1013 1211 voluit
1038 1150 1150 1225 poeta,
1175 1148 1282 1223 qualis
1305 1149 1368 1211 trit
1390 1148 1609 1212 Troianorum
1634 1167 1758 1227 equum
1782 1154 1902 1215 letalem

683 1265 717 1326 in
742 1279 854 1326 aroem
877 1278 973 1324 suam
997 1262 1274 1338 protrahentiam.

727 1379 817 1440 Nihil
848 1375 1011 1438 eiusmodi
1041 1374 1242 1451 significavit
1271 1375 1327 1437 ille
1349 1379 1409 1437 aut
1431 1376 1538 1438 voluit
1560 1377 1765 1454 significare.
1788 1381 1833 1442 At
1851 1383 1900 1442 uti·

683 1509 765 1556 nam
795 1490 999 1554 ostendisset
1020 1490 1053 1550 id
1076 1490 1162 1564 quod
1185 1491 1220 1551 in
1242 1493 1355 1551 mente
1378 1490 1536 1568 habebat,
1568 1507 1649 1554 vera
1672 1494 1799 1556 dixisse
1821 1496 1901 1556 dean

664 1609 835 1685 haberis,
859 1621 926 1668 non
949 1604 1113 1681 profuisse
1137 1605 1327 1665 hominibus
1348 1604 1483 1666 Plutum
1506 1609 1685 1682 sanatum;
1710 1624 1829 1685 nempe
1848 1625 1903 1671 non

684 1738 801 1785 revera
822 1722 927 1782 tuisse
950 1721 1125 1795 sanatum,
1150 1718 1208 1778 sed
1231 1719 1414 1781 humanum
1437 1721 1470 1781 in
1494 1721 1632 1782 modum
1654 1739 1743 1786 nuno
1762 1739 1903 1800 myopem

686 1853 761 1899 esee
788 1836 970 1909 redditum,
1000 1836 1038 1895 ut
1068 1835 1148 1893 aunt
1177 1832 1295 1906 quihus
1318 1832 1493 1909 glaucoma
1516 1839 1569 1896 est
1591 1835 1759 1914 ablatum,
1784 1840 1903 1912 iamque

685 1953 719 2013 in
743 1951 839 2013 donis
862 1947 1101 2010 distribuendis
1123 1947 1291 2007 humanae
1313 1948 1491 2022 aequitatis
1514 1950 1682 2012 rationem
1701 1954 1813 2028 sequi;
1832 1952 1903 2014 osla-

686 2067 858 2143 mitatem,
889 2079 955 2126 non
983 2063 1181 2125 felicitatem
1203 2061 1333 2123 illatam
1356 2077 1431 2124 esse
1453 2063 1667 2142 mortalibus,
1692 2081 1713 2126 a
1736 2067 1815 2128 Iove
1836 2081 1905 2127 mox

685 2179 872 2256 probaturis
896 2180 934 2238 ut
957 2192 1093 2239 oaeoum
1117 2177 1224 2237 denuo
1247 2175 1398 2238 redderet
1420 2176 1618 2253 opulentiae
1641 2178 1752 2242 deum.

730 2293 821 2371 Quod
840 2293 870 2353 si
889 2293 1016 2353 laetum
1036 2293 1139 2367 esset,
1161 2289 1358 2365 chremylus
1376 2291 1410 2351 in
1429 2291 1546 2352 lanum
1565 2293 1730 2368 Apollinis
1749 2294 1905 2368 rediisset,

686 2412 724 2483 ut
754 2423 830 2469 oum
862 2407 923 2468 deo
953 2405 1196 2482 expostularet,
1228 2405 1283 2480 qui
1313 2403 1441 2466 malum
1472 2407 1651 2468 eonsilium
1683 2408 1830 2470 dedisset
1851 2407 1906 2469 sihi

686 2521 837 2598 supplici.
869 2520 986 2597 Apollo
1016 2535 1094 2582 vero
1126 2519 1351 2594 respondisset
1373 2518 1404 2579 ei
1427 2518 1537 2580 verbis
1562 2521 1653 2582 chori
1675 2521 1836 2598 Nubium,
1859 2522 1907 2580 ho

686 2639 813 2699 minem
847 2637 959 2713 inepte
992 2635 1174 2696 scelestum
1208 2633 1424 2710 oonhrtantis,
1456 2635 1512 2708 qui
1547 2635 1768 2698 eruditionem
1802 2638 1842 2698 ab
1871 2636 1907 2694 iis

685 2753 852 2830 petiverat
879 2753 918 2811 ut
947 2749 1150 2826 flagitiorum
1181 2747 1415 2824 impunitatem
1445 2748 1628 2811 inveniret:
1665 2752 1735 2826 ,Ad
1767 2749 1907 2828 improba

687 2866 849 2943 ,consilia
882 2863 1090 2940 assequenda
1125 2862 1179 2938 qui
1196 2847 1199 2854 ’
1214 2876 1310 2937 opem
1346 2877 1366 2922 a
1396 2861 1492 2922 nobis
1521 2864 1619 2940 petit,
1652 2879 1730 2926 eum
1762 2865 1849 2926 ultro
1877 2864 1905 2922 in

689 2981 837 3058 ,malum
872 2977 1096 3054 impellimus,
1131 2978 1169 3036 ut
1199 2990 1260 3036 auo
1290 2976 1412 3036 damno
1444 2975 1551 3038 diseat
1579 2978 1747 3040 iustitiam
1779 2981 1813 3042 et
1836 2980 1907 3040 deos

688 3109 776 3172 ,non
800 3092 1047 3156 contemnere’·

729 3209 802 3270 lion
836 3207 926 3267 enim
957 3205 1044 3266 male
1075 3203 1245 3280 respondit
1274 3204 1409 3281 Apollo:
1442 3204 1640 3280 chremylus
1671 3207 1760 3268 male
1784 3207 1905 3283 rogarit

684 3325 810 3398 deoque
833 3323 904 3398 ipse
926 3319 1093 3398 praecepit
1116 3319 1278 3393 quomodo
1298 3319 1488 3394 responderi
1508 3319 1572 3380 sibi
1591 3319 1705 3382 vellet.
1729 3321 1906 3398 Xenophon

683 3440 764 3502 olim
796 3451 872 3499 oum
903 3433 1077 3496 oraculum
1100 3431 1224 3494 Phoebi
1247 3433 1411 3509 Apollinis
1432 3437 1585 3509 rogasset
1606 3434 1685 3508 quid
1708 3436 1773 3498 sibi
1795 3437 1905 3497 facien·

683 3555 764 3616 dum
787 3553 892 3625 esset,
923 3552 961 3610 ut
987 3563 1145 3625 prospera
1167 3547 1301 3609 fortuna
1323 3549 1473 3608 uteretur
1496 3548 1530 3608 in
1551 3549 1671 3610 itinere
1694 3551 1782 3624 quod
1807 3563 1906 3612 susce

682 3671 803 3744 pturus
833 3666 937 3740 esset,
970 3663 1124 3724 Socrates
1154 3661 1301 3722 amioum
1331 3661 1487 3722 iuvenem
1518 3663 1736 3740 vituperavit,
1769 3665 1827 3739 qui
1848 3676 1906 3724 non

683 3782 716 3842 id
739 3781 851 3858 potius
874 3779 1043 3854 rogasset,
1072 3778 1207 3838 essetne
1236 3774 1299 3835 sibi
1321 3774 1403 3836 illud
1426 3775 1490 3837 iter
1512 3777 1762 3852 suscipiendum
1786 3777 1908 3839 neone?

681 3897 809 3958 satisne
840 3890 999 3954 laudabili
1029 3888 1166 3952 oonsilio
1195 3889 1246 3950 vir
1269 3889 1484 3951 Atheniensis
1507 3889 1674 3965 nobilique
1696 3895 1798 3967 gente
1822 3895 1907 3954 ortus

681 4010 824 4087 patriam
855 4005 1017 4068 maximis
1044 4004 1145 4065 malis
1176 4018 1368 4078 oppressam
1399 4007 1619 4080 aversaretur,
1644 4009 1682 4066 ut
1704 4007 1794 4083 apud
1818 4007 1906 4068 Grae·

683 4139 797 4186 corum
831 4121 947 4182 hostes
980 4119 1090 4180 avitos
1120 4117 1286 4194 stipendia
1315 4119 1481 4178 mereret?
1511 4117 1630 4179 Plutus
1661 4124 1778 4182 autem
1802 4119 1908 4182 fabula

683 4254 760 4300 oum
783 4237 862 4298 data
884 4236 951 4310 est,
982 4234 1012 4293 ai
1035 4235 1208 4308 superstes
1231 4230 1331 4292 etiam
1357 4231 1478 4293 hriaset
1501 4232 1668 4309 Socrates,
1693 4232 1906 4310 chremylum

682 4355 731 4415 eia
764 4349 928 4428 potuisset
959 4347 1138 4423 corripere:
1171 4344 1252 4422 Quid
1283 4348 1320 4407 tu
1350 4346 1494 4420 petitum
1522 4345 1668 4423 Delphos
1694 4349 1805 4426 ivisti,
1829 4350 1907 4410 scire

681 4474 715 4531 te
749 4468 844 4527 ratus
878 4462 1033 4524 videlieet
1067 4459 1145 4534 quid
1180 4459 1378 4521 mortalibus
1412 4461 1445 4520 in
1480 4459 1542 4521 hae
1577 4461 1648 4521 vita
1681 4462 1728 4523 ait
1761 4461 1907 4524 honum?

686 4580 808 4657 ,Pilius
838 4592 935 4639 meus
965 4575 1132 4652 probusne
1164 4588 1206 4635 an
1237 4572 1407 4649 improbus
1436 4571 1495 4634 liat
1524 4577 1667 4653 oportet,
1692 4578 1728 4637 ut
1751 4589 1906 4653 prospera

682 4699 797 4756 utatur
818 4691 997 4754 fortuna?”
1021 4721 1063 4734 -
1088 4689 1149 4750 hoc
1172 4691 1225 4749 est
1248 4687 1334 4761 quod
1357 4687 1456 4749 deum
1481 4689 1623 4765 regestu
1653 4689 1710 4751 sed
1731 4691 1781 4752 ita
1805 4691 1906 4768 rogari

683 4823 749 4869 non
772 4806 845 4867 vult
867 4805 939 4867 illel
972 4803 1157 4879 Respondit
1186 4804 1298 4862 autem
1322 4800 1354 4861 id
1378 4802 1463 4875 quod
1487 4802 1706 4865 conveniebat
1727 4807 1811 4868 tuae
1835 4803 1906 4868 stul·

683 4923 787 4983 tiliae.
810 4920 882 4982 Non
904 4919 937 4981 id
961 4917 1045 4992 quod
1063 4915 1204 4991 rogastil
1226 4915 1288 4975 Sed
1307 4915 1492 4990 respondit:
1514 4915 1670 4992 ,Plutum
1683 4921 1904 4994 sequere’',-

684 5039 792 5098 inerat
825 5037 939 5096 autem
972 5031 1045 5093 eius
1076 5028 1203 5091 verbis:
1238 5031 1292 5105 ,et
1322 5028 1446 5090 malum
1478 5030 1660 5092 inveniss'’.
1692 5031 1757 5093 Sed
1783 5031 1905 5094 malum
