4375 6284
656 830 721 891 250
1134 844 1176 892 n}
1198 844 1404 892 rhammo

654 1035 731 1082 rum
771 1022 883 1097 potius
922 1038 1024 1098 quam
1061 1026 1213 1085 actorum
1248 1022 1354 1084 officio
1387 1022 1591 1099 fungentem.
1627 1022 1665 1084 In
1700 1023 1858 1099 posteriore

654 1134 839 1197 rabmarum
871 1140 979 1214 parte,
1011 1153 1095 1213 quae
1120 1137 1200 1198 olim
1223 1136 1307 1197 satis
1330 1136 1427 1197 exilis
1453 1136 1556 1198 tuisse
1580 1136 1711 1197 videtur
1733 1150 1797 1197 nec
1814 1136 1858 1196 risi

655 1250 781 1311 sensim
824 1252 1013 1313 excrevisse
1052 1253 1087 1313 in
1131 1266 1206 1312 enm
1247 1266 1347 1325 quam
1386 1265 1429 1311 ex
1463 1250 1696 1326 Aristophanis
1729 1248 1858 1326 operibus

654 1364 812 1425 novimus
840 1364 1097 1441 amplitudinem
1125 1364 1327 1441 speciosam,
1351 1363 1547 1440 placidiores
1569 1378 1672 1438 quam
1694 1367 1796 1425 antea
1812 1366 1858 1423 sls-

654 1478 854 1553 bilioresque
888 1493 925 1540 se
960 1481 1132 1555 praestant
1166 1478 1362 1553 chorentae;
1394 1492 1452 1554 per
1483 1491 1596 1539 rerum
1626 1492 1710 1552 quse
1739 1478 1859 1553 nentur

655 1592 835 1655 intervalla
862 1597 986 1656 canunt
1014 1594 1234 1671 saltandoque
1257 1595 1387 1655 cantica
1414 1594 1631 1656 comitantur:
1654 1592 1695 1653 ab
1718 1590 1859 1654 histrioni·

655 1704 718 1765 bus
748 1720 784 1766 se
814 1706 995 1769 abstinent.
1025 1708 1121 1769 Unus
1143 1710 1211 1770 dux
1233 1708 1324 1770 chori
1347 1722 1452 1782 usque
1476 1707 1518 1768 ad
1540 1706 1727 1767 fabularum
1752 1708 1857 1768 exitum

655 1820 836 1882 identidem
858 1837 935 1882 cum
958 1823 1126 1883 actoribus
1149 1822 1355 1899 colloquitur,
1387 1822 1595 1897 disputantes
1618 1822 1813 1895 adhortatur,
1830 1818 1858 1879 ds

655 1947 770 1995 eorum
799 1934 1007 1997 orationibus
1036 1951 1097 1997 suo
1119 1937 1347 2011 sodaliumque
1371 1936 1503 1997 nomine
1526 1936 1729 1997 sententiam
1753 1935 1810 1995 lert
1828 1966 1857 1977 -

655 2048 753 2123 plane
775 2051 813 2111 ut
834 2050 868 2110 in
891 2050 1054 2111 dramatis
1077 2050 1213 2127 tragicis
1235 2050 1321 2112 solet
1343 2048 1425 2113 fleri.

699 2163 871 2240 rictorem,
907 2164 1103 2240 plerumque
1134 2166 1232 2228 choro
1262 2166 1355 2242 prius
1385 2165 1574 2241 oppositum
1598 2168 1698 2239 atque
1721 2164 1858 2235 invisum,

656 2276 731 2338 dein
763 2279 923 2354 amicum,
959 2292 1063 2340 unum
1095 2282 1185 2341 certe
1214 2280 1325 2341 omnis
1356 2279 1456 2341 habet
1479 2278 1662 2355 comoedia,
1686 2294 1748 2340 nec
1771 2277 1860 2352 plures

655 2390 799 2453 habuere
820 2390 952 2453 tabulae
976 2393 1238 2457 vetustissimae.
1270 2392 1392 2454 Postea
1414 2396 1448 2454 et
1469 2393 1555 2455 aliae
1577 2407 1749 2454 accessere
1771 2403 1858 2467 perso·

656 2519 734 2580 nne,
765 2519 906 2579 quarum
936 2508 1047 2581 partes
1077 2510 1194 2581 poetae
1225 2507 1273 2567 ita
1295 2509 1375 2567 sunt
1397 2506 1558 2568 moderati
1581 2508 1619 2567 ut
1641 2505 1725 2567 alter
1747 2503 1859 2579 quidam

657 2618 775 2679 hishio
805 2620 846 2679 ed
878 2634 935 2681 eas
965 2634 1082 2681 omnes
1110 2621 1255 2694 agendas
1284 2619 1460 2681 sufficeret.
1484 2620 1574 2681 Talis
1595 2619 1665 2681 iere
1687 2621 1740 2680 est
1763 2616 1858 2679 Actu·

656 2747 766 2794 mnes
793 2733 919 2810 tabula,
952 2747 1036 2808 quae
1064 2734 1100 2795 in
1130 2749 1196 2795 uno
1218 2732 1447 2810 Dicaeopolide
1469 2737 1603 2795 tantum
1626 2748 1692 2794 non
1716 2735 1785 2794 tota
1804 2744 1857 2789 rer·

657 2847 756 2921 titur;
781 2847 884 2908 etiam
902 2848 1003 2910 tertio
1022 2848 1121 2909 alicui
1140 2848 1243 2911 actori
1259 2850 1358 2923 poete
1375 2849 1409 2909 in
1430 2864 1469 2909 ea
1489 2848 1605 2909 tribuit
1623 2850 1735 2923 partes
1753 2844 1860 2918 aliquas

658 2962 870 3039 perexiguas,
892 2966 928 3024 et
950 2964 1033 3024 duos
1054 2966 1227 3038 praeterea
1249 2963 1339 3024 viros
1362 2962 1509 3038 duosque
1537 2977 1658 3038 pueros
1681 2958 1857 3029 introduxit,

657 3074 714 3149 qui
735 3090 949 3153 praeconem,
972 3076 1097 3138 falsum
1120 3076 1282 3153 legatum,
1307 3075 1470 3153 puellulas
1491 3076 1674 3152 Megaricae
1695 3088 1761 3136 non
1781 3070 1860 3149 plano

656 3189 753 3249 taciti
774 3192 924 3267 agerent,
948 3190 1006 3251 vix
1027 3193 1140 3252 tamen
1165 3191 1255 3266 digni
1277 3191 1332 3265 qui
1353 3192 1494 3265 quartus
1516 3190 1651 3263 quintus
1673 3189 1787 3249 sextus
1803 3196 1859 3258 sep

658 3302 762 3364 timus
783 3306 983 3367 vocarentur
1000 3308 1140 3367 setores.
1161 3305 1200 3367 In
1218 3304 1368 3366 Nubibus
1388 3319 1465 3366 vero
1483 3304 1592 3379 quarti
1611 3304 1731 3365 actoris
1749 3302 1859 3362 Iustum

660 3420 832 3482 Oratorem
852 3421 983 3495 agentis
1000 3423 1082 3482 sunt
1099 3422 1208 3496 partes
1228 3420 1341 3495 magni
1359 3419 1530 3481 momenti.
1543 3418 1581 3478 In
1593 3416 1756 3493 plerisque
1766 3416 1861 3476 auum

658 3534 779 3595 tabulis
807 3536 939 3609 praeter
967 3549 1126 3611 personas
1155 3536 1268 3595 mutas
1290 3534 1324 3593 in
1346 3532 1517 3609 proscenio
1540 3534 1609 3593 tres
1631 3530 1731 3592 simul
1752 3532 1862 3591 actores

658 3664 758 3724 saepe
780 3648 915 3725 adsum,
939 3652 972 3711 et
994 3650 1029 3710 in
1052 3648 1155 3710 lienis
1177 3650 1246 3709 tres
1268 3647 1448 3707 histriones
1471 3646 1601 3721 egregie
1622 3645 1719 3721 periti
1741 3642 1862 3716 require

658 3762 778 3825 bantur
795 3763 836 3824 ad
854 3762 990 3838 Dionysi
1008 3762 1167 3838 Aeschyli
1186 3760 1350 3837 Euripidis
1368 3762 1481 3836 partes
1503 3762 1579 3834 apte
1601 3756 1790 3821 reddendas.

703 3990 916 4066 Singulorum
938 3990 1125 4053 tabulamm
1149 3990 1371 4065 superstitum
1393 3988 1476 4049 haec
1499 3991 1552 4049 est
1573 3990 1740 4049 structure
1757 3980 1793 4055 ι);

1116 4196 1425 4253 somnusue.

687 4342 709 4395 l.
726 4340 868 4396 &asiatio
885 4338 1014 4406 (1403).

792 4430 1002 4501 Dicaeopoiidis
1019 4429 1201 4499 soliloquium
1221 4428 1333 4497 (1-42).

793 4524 899 4580 Concio
916 4522 1037 4578 hebetur
1052 4522 1200 4591 (te-173).

794 4614 895 4669 Pacem
911 4633 974 4669 cum
992 4613 1224 4669 Lacedaemoniis
1241 4610 1421 4681 Dicaeopoiis
1438 4609 1492 4666 inii
1510 4608 1588 4664 solus
1606 4604 1768 4676 (tis-atii

726 4708 882 4762 retrorsus
897 4707 984 4762 sors
1000 4706 1168 4775 (urs-ero).

694 4936 715 4999 ¹)
732 4938 771 4987 sd
789 4937 884 4987 choran
903 4951 970 4998 quas
987 4940 1119 5000 pertinent
1136 4938 1228 4985 litteris
1244 4936 1371 4985 inclinatis
1387 4940 1448 4984 sunt
1464 4948 1569 4983 excuss.
