4375 6284
645 962 686 1006 nn
709 961 834 1007 roenna
857 960 937 1005 vrra
959 960 999 1004 rr
1022 957 1191 1005 ornamus.
1486 945 1527 1004 73

325 1133 418 1194 idaiae
452 1135 483 1193 et
513 1133 639 1194 Laches
669 1131 832 1205 ceterique
862 1131 1021 1192 bonorum
1055 1131 1198 1191 virorum
1223 1132 1401 1208 principes,
1425 1146 1530 1205 neque

325 1249 383 1306 orat
402 1247 488 1320 quod
510 1247 543 1306 in
567 1245 610 1305 ile
633 1244 877 1321 vituperaretur
899 1246 1029 1319 praeter
1047 1244 1109 1304 hoo
1128 1259 1230 1305 unum
1246 1289 1253 1305 .
1269 1291 1275 1306 .
1290 1290 1297 1306 .
1311 1245 1397 1318 quod
1420 1243 1531 1319 perfici

324 1375 379 1420 non
405 1361 551 1435 possent.
573 1358 621 1418 Ut
649 1357 793 1433 primum
824 1357 1021 1419 iuramentis
1051 1359 1130 1417 sunt
1157 1355 1384 1433 confirmatae,
1408 1356 1533 1417 nullius

324 1473 406 1549 pretii
435 1487 509 1533 esse
539 1471 704 1548 apparuit,
736 1485 800 1532 non
831 1470 921 1530 enim
945 1471 1030 1530 stari
1060 1471 1244 1545 promissis.
1268 1469 1475 1533 Convenerat
1496 1472 1533 1530 nt

324 1585 518 1663 Amphipolis
547 1585 737 1646 redderetur
767 1582 1041 1660 Atheniensibus,
1067 1617 1107 1627 -
1140 1584 1198 1644 sed
1228 1584 1319 1644 reddi
1346 1599 1385 1644 ee
1416 1583 1534 1644 civitae

324 1699 425 1761 noluit.
449 1698 655 1760 convenerat
675 1699 715 1758 ut
732 1696 914 1757 Panactum
936 1695 1112 1757 castellum
1132 1697 1165 1755 in
1184 1696 1340 1757 Boeotiae
1359 1699 1393 1757 et
1403 1695 1534 1756 Atticae

323 1809 451 1873 confinio
483 1812 588 1873 situm
622 1807 882 1870 Atheniensibus
917 1808 1102 1870 cederetur:
1139 1809 1256 1870 rudera
1285 1811 1416 1870 tantum
1451 1822 1534 1880 quae

321 1925 542 2000 recuperarent
572 1924 607 1986 hi
629 1925 841 1985 invenerunt.
864 1921 1072 1983 Convenerat
1094 1925 1132 1984 ut
1155 1923 1376 1983 Athenienses
1399 1921 1479 1997 Pylo
1503 1927 1536 1982 et

322 2039 478 2098 ecetaris
508 2037 604 2113 locis,
642 2052 725 2111 quae
756 2035 860 2097 armis
890 2040 1149 2112 occupaverant,
1182 2051 1219 2096 se
1249 2036 1446 2111 reciperent,
1478 2035 1535 2096 sed

321 2152 387 2224 post
414 2165 537 2227 paucos
565 2151 635 2212 dies
664 2150 826 2226 paenituit
853 2163 909 2210 eos
931 2149 1138 2224 captivorum
1161 2148 1374 2210 liberatorum
1397 2152 1430 2209 et
1453 2163 1536 2223 quae

322 2261 415 2323 etiam
439 2263 600 2324 tenebant
622 2264 813 2336 servarunt,
828 2305 835 2322 .
851 2305 858 2322 .
873 2262 1109 2336 ‚expectantes
1139 2262 1242 2322 donec
1266 2263 1356 2338 pacis
1379 2261 1535 2322 condicio·

321 2374 411 2435 nibus
451 2377 537 2436 satis
578 2375 725 2436 facerent
766 2374 1005 2449 Peloponnesii.
1048 2372 1330 2436 convenerat
1357 2374 1466 2435 verbis
1504 2375 1538 2435 et

321 2488 449 2565 scripto,
482 2503 548 2550 non
579 2503 622 2550 ex
652 2488 756 2549 animi
786 2487 963 2548 sententia.
989 2486 1073 2548 Nam
1098 2486 1177 2548 licet
1199 2488 1451 2549 Lacedaemonii
1473 2502 1538 2548 non

320 2599 382 2661 iam
411 2602 561 2664 fraudem
594 2602 800 2676 molirentur,
832 2614 938 2673 neque
969 2601 1025 2674 qui
1054 2601 1197 2661 Athenis
1219 2601 1317 2662 rebus
1340 2616 1427 2662 nunc
1449 2615 1538 2677 prae·

320 2718 410 2775 erant
450 2715 600 2792 improba
640 2718 777 2791 agerent
818 2715 969 2790 consilia,
1014 2717 1049 2774 at
1091 2714 1424 2776 Lacedaemoniorum
1460 2714 1540 2774 socll

320 2840 430 2900 pacem
464 2829 552 2890 haud
586 2845 753 2904 quaquam
787 2829 970 2907 probabant
1003 2832 1037 2888 et
1070 2828 1186 2889 foedus
1220 2843 1239 2888 a
1272 2827 1539 2890 Lacedaemoniis

320 2956 391 3002 cum
414 2943 677 3004 Atheniensibus
700 2944 819 3004 initum
843 2959 923 3004 suae
947 2943 1095 3018 ipsorum
1114 2941 1259 3002 libertati
1279 2941 1443 3002 ducebant
1458 2941 1540 3016 peri·

320 3054 582 3130 cuioeissimum;
618 3057 761 3118 Athenis
796 3060 909 3117 autem
943 3057 998 3130 qui
1029 3054 1153 3115 bellum
1184 3055 1369 3115 continuari
1401 3055 1541 3115 antehac

318 3167 496 3246 iusserant,
520 3170 613 3245 pacis
636 3171 753 3231 amicis
776 3171 947 3232 cesserunt
970 3169 1103 3245 quidem
1125 3169 1159 3228 in
1182 3169 1309 3243 patriae
1332 3183 1367 3229 re
1386 3168 1539 3244 adversa,

319 3283 372 3343 aed
396 3283 495 3344 inviti
519 3285 692 3345 cesserunt
714 3287 749 3344 ct
771 3283 910 3344 meliora
932 3284 1118 3359 sperantes.

359 3396 396 3457 In
420 3397 659 3472 qulnquaginta
682 3412 788 3458 annos
811 3412 894 3470 quae
917 3396 1001 3456 inita
1022 3398 1103 3456 sunt
1126 3396 1242 3456 foedus
1266 3397 1298 3454 et
1322 3409 1402 3476 pax,
1423 3410 1465 3455 ne
1484 3409 1542 3470 per

317 3507 384 3569 dies
407 3509 540 3584 quidem
563 3509 803 3584 quinquaginta
821 3511 1007 3586 viguerunt.
1027 3508 1118 3569 Dicis
1136 3508 1268 3583 quidem
1289 3522 1388 3568 cansa
1407 3509 1541 3569 servata

319 3625 395 3682 sunt
424 3637 482 3697 per
506 3637 612 3683 annos
642 3622 843 3698 complures,
868 3623 926 3684 sed
949 3636 1037 3682 vana
1059 3636 1099 3683 ea
1122 3623 1194 3682 erat
1215 3621 1343 3696 species
1366 3624 1400 3680 et
1421 3634 1542 3680 nomen

318 3735 387 3795 sine
417 3750 465 3797 re.
497 3736 584 3797 Socii
614 3735 678 3813 illi,
703 3736 759 3809 qui
782 3735 906 3796 alteros
929 3735 1042 3796 alteris
1066 3750 1160 3810 opem
1186 3735 1312 3795 laturos
1335 3735 1541 3808 iuraverant,

318 3848 444 3912 invidia
474 3851 639 3924 variisque
669 3850 915 3926 suspicionibus
944 3849 1111 3909 stimulati
1135 3863 1268 3909 omnem
1293 3861 1428 3922 operam
1452 3847 1543 3908 dede

319 3966 394 4022 runt
415 3967 457 4024 ut
479 3964 565 4026 inter
589 3980 626 4025 se
649 3969 806 4026 nocerent
829 3966 939 4039 potius
963 3978 1059 4037 quarn
1085 3965 1254 4038 iuvarent,
1279 3962 1356 4022 licet
1381 3977 1485 4035 usqua
1504 3963 1543 4022 ad

317 4089 444 4139 annum
466 4081 532 4140 414
555 4079 660 4140 fallax
683 4078 763 4139 illud
787 4079 954 4139 sociorum
975 4092 1095 4138 nomen
1120 4078 1283 4137 intactum
1308 4075 1542 4151 permanserit:

318 4193 387 4252 tum
424 4193 562 4254 demum
591 4193 701 4268 palam
731 4193 865 4268 ruptum
896 4194 950 4252 est
979 4190 1109 4266 foedus,
1140 4190 1225 4264 quod
1252 4189 1374 4249 dudum
1399 4188 1439 4248 ad
1462 4187 1543 4247 nihil

319 4307 474 4368 redierat.

359 4419 415 4480 Sic
438 4419 553 4482 Niciae
576 4420 717 4481 consilia
740 4419 881 4480 eundem
902 4417 1090 4479 habuerunt
1109 4418 1262 4478 eventurn
1283 4415 1546 4490 quamproxime

319 4537 429 4594 aetate
454 4534 636 4595 habuerant
660 4531 797 4594 consilia
820 4530 977 4593 Cimonis.
999 4531 1223 4592 Athenienses
1241 4533 1275 4591 et
1293 4527 1547 4590 Lacedaemonii

319 4661 392 4708 cum
416 4648 569 4709 fraterno
592 4647 699 4707 denuo
721 4659 834 4706 amore
857 4645 945 4705 inter
966 4658 1003 4704 se
1027 4642 1202 4717 complecti
1225 4646 1304 4702 sunt
1327 4642 1423 4716 inssi,
1448 4654 1544 4714 quan·

319 4767 431 4837 tepere
456 4762 544 4822 inter
567 4774 604 4822 se
627 4759 898 4819 abominarentur
920 4758 1027 4818 multo
1052 4757 1154 4817 stiam
1182 4756 1302 4815 clarius
1325 4768 1423 4828 quam
1449 4755 1548 4813 antea

319 4876 436 4948 patuit.
470 4874 602 4936 Fratres
632 4873 787 4934 absentes
813 4871 954 4932 tolerare
984 4872 1139 4945 poterant
1168 4869 1427 4942 quadamtenus,
1458 4881 1546 4940 prae·

321 4991 432 5049 sentes
456 4989 553 5048 torvo
577 4986 674 5048 vultu
696 4984 922 5058 intuebantur,
947 4983 1069 5059 pugnis
1090 4997 1170 5042 mox
1194 4981 1340 5057 petituri.
