4375 6284
693 960 865 1007 στασιῶται
887 961 929 1006 σοι
951 961 1126 1007 οοιιοιιυικ.
1461 951 1524 1013 185

277 1146 288 1189 ι
352 1131 397 1194 lul
416 1132 518 1195 τοίνυν
540 1141 592 1212 τῆς
610 1122 843 1212 Ἀριστοφάνους
861 1131 914 1194 καί
932 1135 1087 1214 Κρατίνου
1106 1133 1158 1194 καλ
1177 1135 1350 1210 Ενύπδλιδος
1368 1138 1527 1222 κωμῳδίας

277 1259 286 1302 ι
319 1244 452 1327 ἆφόρητοί
478 1269 556 1321 τινες
587 1246 663 1308 κατὰ
692 1256 752 1308 τῶν
782 1244 1017 1326 ἁμαρτανόντων
1039 1240 1119 1327 ήσαν
1143 1250 1175 1311 οἱ
1194 1251 1325 1328 ποιηταί.
1347 1248 1454 1312 λοιπὸν
1478 1248 1528 1329 δέ,

318 1370 359 1441 τῆς
376 1362 574 1441 δημοκρατίας
593 1360 810 1442 δποχωρούσης
829 1361 891 1423 δπδ
909 1370 969 1423 τῶν
986 1361 1062 1423 κατδι
1079 1362 1132 1435 τάς
1151 1364 1282 1442 Ἀθήνας
1298 1364 1527 1444 τυραννιύντων

317 1474 358 1535 καί
392 1475 617 1555 καθισταμένης
651 1473 821 1557 ὀλιγαρχίας
855 1474 907 1537 καί
940 1478 1186 1557 μεταπιπτούσης
1220 1486 1271 1557 τῆς
1305 1476 1443 1552 έξουσίας
1473 1487 1527 1541 τοῦ

318 1590 402 1668 δήμου
430 1591 470 1665 είς
502 1588 622 1672 ὀλίγους
644 1588 727 1664 τινάς
749 1589 801 1652 καί
823 1589 1048 1672 κρατονσμένης
1065 1588 1087 1664 ¹)
1111 1600 1163 1670 τῆς
1187 1589 1371 1674 ὀλιγαρχίας,
1393 1592 1529 1656 ένέπιπτι
1556 1632 1560 1639 ·

318 1710 367 1779 τοῖς
395 1711 532 1785 ποιηταῖς
566 1704 674 1785 φόβος·
711 1704 749 1767 ού
783 1704 840 1786 γάρ
869 1697 910 1784 ήν
939 1701 1046 1778 τιναῆ
1075 1715 1242 1786 προφανῶς
1265 1708 1421 1786 σκώπτειν,
1443 1708 1528 1782 δίκας

273 1821 284 1867 ⁶
317 1818 509 1883 ἀπαιτούντων
539 1829 599 1883 τῶν
625 1818 831 1901 ὑβριζομένων
861 1819 944 1900 παρδι
972 1829 1032 1882 τῶν
1061 1830 1207 1899 ποιητῶν.
1234 1822 1319 1900 ἴσμεν
1334 1817 1356 1895 ³)
1378 1831 1454 1904 γοῦν
1476 1821 1529 1884 τὸν

318 1932 440 1996 Εόιιολιν
470 1933 521 1997 iul
549 1945 590 2019 τῷ
620 1934 741 2008 διδάξαι
764 1934 834 2008 τούς
857 1934 979 2007 Βάπτας
1002 1932 1205 2017 ἀποπνιγέντα
1228 1936 1270 2008 είς
1293 1935 1348 2014 τήν
1370 1936 1529 1997 θάλασσαν

273 2043 284 2093 7
317 2044 358 2109 ὑπ’
388 2048 500 2111 ἐκείνου
535 2045 672 2122 219664)
694 2054 813 2127 καθῆκε
834 2048 905 2122 τοὺς
928 2048 1059 2121 Βάπτας.
1081 2046 1134 2109 καί
1156 2047 1207 2109 διδ
1229 2058 1317 2111 τοῦτο
1340 2047 1530 2131 ὀκνηρότεροι

316 2162 381 2240 κρδς
400 2162 436 2224 τά
457 2164 620 2242 σκώμματα
642 2162 781 2245 ἐγένοντο
803 2162 856 2224 καλ
878 2161 1021 2224 έπέλιπον
1045 2164 1078 2224 ολ
1099 2164 1232 2244 χορηγοί·
1255 2162 1292 2225 οό
1315 2162 1372 2245 γάρ
1394 2162 1436 2225 έτι
1458 2186 1532 2245 προ-

318 2278 423 2355 θυμίαν
445 2271 524 2358 ιίχον
548 2279 581 2339 οί
600 2282 759 2356 Ἀθηναῖοι
782 2276 853 2351 τούς
870 2275 1020 2357 χορηγούς
1038 2276 1109 2349 τούς
1129 2275 1180 2350 τάς
1200 2277 1338 2350 δαπάνας
1356 2282 1417 2351 τοῖς
1427 2299 1531 2357 χορευ-

271 2388 282 2434 ⁸
316 2395 372 2463 ταῖς
392 2390 572 2471 παρέχοντας
594 2397 782 2472 χειροτονεῖν.
804 2389 858 2452 τδν
876 2399 952 2472 γοῦν
972 2390 1180 2452 Ἀίολοσίκωνα
1200 2392 1413 2471 Ἀριστοφάνης
1431 2390 1531 2453 ἐδίδα-

316 2504 369 2581 ξεν,
388 2500 420 2578 ὃς
441 2504 497 2567 οδκ
518 2504 576 2585 ἔχει
599 2505 636 2566 τά
661 2504 766 2586 χορικδ
784 2503 866 2584 μέλη.
889 2502 1023 2585 τῶνγὰρ
1042 2514 1180 2585 χορηγῶν
1199 2503 1241 2583 μή
1260 2503 1531 2587 χειροτονουμένων

316 2616 359 2677 καί
387 2628 444 2679 τῶν
473 2628 623 2700 χορευτῶν
646 2618 703 2681 οὐκ
726 2617 854 2698 έχδντοον
877 2616 929 2691 τὰς
951 2619 1081 2699 τροφάς,
1102 2616 1277 2703 δτιεξηρέθη
1299 2626 1351 2698 τής
1373 2619 1532 2703 κωμῳδίας

270 2733 282 2778 ⁹
316 2728 347 2789 τὰ
376 2731 478 2812 χορικδι
507 2731 581 2812 μέλη
610 2731 662 2793 καί
691 2742 751 2794 τῶν
773 2731 954 2794 ὑποθέσεων
977 2729 994 2795 6
1016 2732 1110 2806 τύπος
1133 2733 1313 2811 μετεβλήθη.
1337 2741 1452 2795 σκοποῦ
1474 2732 1532 2814 γδιρ

315 2842 393 2919 ὄντος
419 2858 456 2932 τῇ
485 2844 594 2937 ἀρχαίη
624 2847 768 2933 κωμῳδίᾳ
797 2855 852 2908 τοῦ
882 2846 1030 2908 σκάπτειν
1060 2845 1260 2927 δημαγωγούς
1273 2842 1296 2918 ⁵)
1319 2844 1371 2907 καλ
1394 2845 1533 2919 δικαστάς

313 2959 359 3020 καλ
387 2962 584 3042 στρατηγούς,
611 2959 717 3041 παρείς
748 2958 765 3022 6
795 2960 1010 3041 Ἀριστοφάνης
1038 2960 1071 3022 τὸ
1102 2960 1245 3038 συνήθως
1276 2958 1459 3037 ἀποσκῶψαι
1483 2959 1533 3021 διὰ

315 3073 361 3134 τὸν
390 3075 486 3137 πολύν
515 3075 616 3154 φόβον
647 3074 762 3136 Αἴολον
790 3072 823 3135 τὸ
855 3075 954 3155 δρᾶμα
978 3073 1011 3135 τδ
1040 3070 1158 3155 γραφέν
1181 3078 1243 3147 τοῖς
1266 3074 1430 3160 τραγῳδοῖς
1445 3070 1469 3147 6)
1492 3072 1533 3147 δις

258 3186 279 3233 ¹⁰
314 3199 404 3262 κακῶς
430 3189 500 3269 ἔχον
523 3190 667 3268 διασύρει.
689 3196 824 3261 τοιοῦτος
847 3180 905 3250 ούν
928 3186 1008 3249 έστιν
1032 3185 1049 3249 6
1071 3196 1124 3266 τῆς
1146 3185 1238 3266 μέσης
1260 3187 1418 3273 κωμῳδίας
1441 3188 1533 3261 τύπος

311 3295 370 3376 οίός
398 3302 477 3365 ἐστιν
500 3301 517 3365 6
540 3303 730 3366 Ἀίολοσίκων
751 3302 986 3382 Ἀριστοφάνους
1009 3299 1059 3362 καί
1082 3302 1116 3362 οἱ
1132 3296 1285 3376 Ὀδυσσεῖς
1307 3302 1461 3379 Κρατίνου
1483 3300 1534 3362 καὶ

311 3421 423 3478 πλεῖστα
453 3427 513 3478 τῶν
542 3421 680 3478 παλαιῶν
699 3416 858 3495 δραμάτων
878 3413 946 3477 οὔτε
964 3414 1070 3494 χορικδ
1089 3414 1158 3477 οὔτε
1178 3416 1363 3495 παραβάσεις
1382 3414 1485 3495 έχοντα
1502 3411 1534 3486 ²).

257 3531 277 3579 ΙΙ
353 3534 521 3613 παράβασις
551 3530 584 3593 δέ
611 3530 672 3592 έστι
701 3530 735 3591 τδ
762 3538 887 3592 τοιοῦτο·
907 3529 982 3608 μετὰ
1003 3527 1036 3590 τδ
1058 3529 1130 3602 τούς
1151 3528 1314 3608 δκοκριτάς
1337 3538 1390 3591 τοῦ
1413 3531 1533 3611 πράσου

311 3642 413 3723 μέρους
431 3643 645 3727 πληρωθέντος
663 3643 724 3706 ἀπὸ
742 3654 794 3723 τῆς
813 3651 926 3722 σκηνῆς
946 3641 1154 3724 ἀναχωρῆσαι,
1174 3641 1215 3716 ὡς
1234 3640 1273 3705 άν
1292 3642 1334 3723 μή
1352 3644 1386 3706 τδ
1403 3642 1534 3725 θέατρον

311 3756 400 3839 δργδν
428 3755 449 3845 6
479 3759 530 3820 καλ
560 3757 577 3821 6
609 3760 704 3837 δῆμος
726 3756 817 3839 άργδς
838 3755 1016 3836 καθέζηται,
1039 3755 1056 3819 6
1079 3757 1167 3838 χορὸς
1190 3757 1247 3820 οόκ
1269 3756 1345 3839 ἔχων
1366 3757 1443 3838 πρδς
1464 3760 1535 3832 τοὺς

256 3876 278 3924 ¹2
315 3871 473 3954 ὑποκριτὰς
504 3872 697 3955 διαλέγεσθαι
727 3870 924 3953 άπόστροφον
949 3870 1077 3934 ἐποιεῖτο
1100 3870 1176 3951 πρὸς
1198 3870 1250 3933 τὸν
1274 3874 1382 3951 δῆμον.
1405 3872 1480 3933 κατὰ
1504 3870 1537 3934 δέ

311 3985 361 4063 τήν
383 3986 578 4069 άπόστροφον
601 3986 720 4066 ἐκείνην
743 3987 775 4049 οἱ
794 3985 917 4064 ποιηταί
941 3986 992 4048 διὰ
1009 3996 1063 4047 τοῦ
1081 3994 1175 4065 χοροῦ
1194 3984 1215 4067 6
1233 3984 1309 4066 ύπέρ
1328 3986 1443 4049 ἑαυτῶν
1462 3986 1534 4050 ἀττε-

257 4102 278 4150 l⁸
313 4104 453 4181 λογοῶντο
485 4101 507 4183 6
539 4101 608 4183 περί
643 4102 798 4181 δημοσίων
831 4101 1015 4182 πραγμάτων
1044 4100 1230 4183 εἰσηγοῦντο.
1260 4098 1280 4180 ή
1311 4098 1344 4163 δέ
1367 4101 1537 4182 παράβασις

340 4406 360 4474 ¹)
375 4409 584 4475 *τροχατομένηςλ
602 4411 669 4457 Item
687 4410 701 4468 5
720 4410 761 4457 1‘1.

338 4485 445 4547 'mm
462 4492 555 4539 κιιοοι
573 4492 652 4538 amu
668 4490 714 4553 ,ορ
731 4494 777 4535 ιιι.

338 4566 658 4630 ³)rnbu12mrodnrguit
676 4567 865 4615 Eratosthenes
882 4564 948 4629 (cio.
966 4567 999 4614 ad
1015 4569 1068 4615 λιι.
1085 4569 1120 4616 VI
1141 4564 1175 4631 1).
1192 4568 1231 4617 Or.
1249 4580 1309 4628 μσς.
1330 4570 1387 4624 199,
1405 4570 1428 4613 8.

339 4645 361 4708 ⁴)
376 4654 470 4697 holm
486 4652 518 4705 τις
535 4649 574 4703 οὓς
592 4660 653 4709 pm
671 4646 799 4703 oodioum,
817 4646 929 4693 forum
946 4649 1026 4693 τοοτο.

339 4726 361 4788 ⁶)
377 4732 533 4791 δημαγωγούς
549 4728 676 4788 Blnydeu]
693 4726 791 4790 δήμους.

338 4804 359 4870 ⁸)
376 4819 409 4871 τῷ
426 4810 540 4875 τραγῳδῷ
558 4807 610 4860 [vol
627 4805 757 4871 τραγικᾴἈ

339 4885 360 4947 ¹)
377 4890 509 4950 Oormpt·
532 4892 578 4936 ισι
599 4890 724 4935 Ιοοσοοετ
747 4886 821 4933 haec.
846 4885 885 4931 Do
911 4884 1010 4932 omini
1032 4884 1153 4933 Ulixibun
1173 4885 1207 4932 οἰ.
1230 4884 1302 4943 61⁷·
1324 4881 1449 4929 Ρῖκνίκιατ
1469 4882 1538 4929 inter

309 4969 406 5025 prim
424 4970 529 5017 tabula
542 4965 692 5028 par-basim
712 4966 817 5014 ohorivo
833 4966 934 5012 οιοιίοι
953 4978 1005 5013 non
1021 4966 1145 5014 σκοτίοιο
1162 4966 1302 5027 perhibere
1319 4977 1370 5013 non
1387 4961 1476 5024 potuit
1492 4966 1537 5022 qui

308 5046 396 5097 haum
414 5062 504 5097 τοτοοι
522 5050 594 5097 enm
611 5048 727 5109 peritior.
