4375 6284
683 939 746 1000 no
1199 952 1240 998 on
1263 952 1389 999 aornar

679 1125 844 1200 malisque
884 1125 1037 1187 obmtam
1076 1124 1164 1186 haud
1198 1124 1361 1187 illibenter
1395 1125 1527 1201 reliquit
1559 1126 1601 1187 ab
1635 1125 1798 1188 Archelao
1830 1141 1895 1202 rege

680 1241 888 1304 Macedoniae
905 1240 940 1301 ln
959 1237 1069 1299 aulam
1090 1237 1256 1300 Pellaeam
1275 1239 1385 1301 verbis
1404 1238 1749 1302 honorificentissimis
1761 1243 1895 1301 vocatus.

725 1355 873 1430 Magisne
891 1355 1061 1428 acceptam
1081 1351 1145 1412 sibi
1163 1353 1275 1415 sedem
1294 1354 1422 1415 invenit
1444 1353 1477 1414 in
1501 1355 1633 1430 ragione
1654 1353 1713 1414 illa
1731 1353 1895 1429 longinqua

681 1472 716 1530 et
744 1467 995 1530 semibarbara?
1023 1466 1195 1540 Formosa
1227 1482 1350 1543 magno
1380 1469 1468 1528 certe
1499 1467 1532 1528 in
1555 1468 1679 1528 honore
1702 1466 1747 1527 ibi
1769 1466 1845 1544 tuit,
1866 1469 1897 1526 ut

681 1583 866 1658 Aeschylus
895 1581 974 1642 olim
1007 1580 1181 1656 Syracusis
1211 1584 1246 1641 et
1272 1579 1386 1658 Gelae,
1418 1583 1549 1642 etcum
1573 1581 1747 1655 Agathone
1769 1579 1896 1654 aliisque

680 1697 808 1760 civibus
830 1694 1067 1772 compluribus,
1091 1695 1147 1769 qui
1169 1694 1252 1755 item
1275 1694 1354 1756 illuc
1376 1695 1614 1772 migraverant,
1640 1696 1824 1757 consuevit.
1843 1692 1895 1754 sed

906 1809 1000 1886 ,Alio
1023 1809 1177 1870 vetustas
1200 1808 1335 1870 arbores
1358 1823 1400 1870 ns
1422 1809 1637 1870 transieras.”

680 1927 765 1987 Nam
799 1923 903 1986 altero
937 1937 1024 1984 anno
1058 1925 1147 1998 post,
1178 1921 1315 1984 ineunte
1342 1922 1423 1999 406,
1456 1922 1604 1984 Athenas
1634 1922 1829 1984 nuntiatum
1853 1925 1897 1983 est

680 2038 870 2114 Euripidem
905 2036 976 2097 vita
1009 2035 1163 2097 iunctum
1198 2037 1232 2098 et
1260 2035 1294 2096 in
1325 2038 1415 2096 terra
1444 2035 1616 2112 peregrina
1644 2035 1825 2111 sepultum.
1852 2036 1897 2096 Sic

681 2150 867 2227 Aeschylus
885 2152 962 2211 ante
980 2149 1087 2211 lustm
1106 2149 1221 2210 decem
1241 2164 1318 2210 cum
1336 2149 1419 2210 item
1431 2163 1535 2211 senex
1546 2149 1689 2226 patriam
1701 2149 1896 2224 reliquisset,

681 2266 773 2328 brevi
793 2266 870 2342 post
891 2264 925 2324 ln
949 2262 1060 2324 Sicilia
1083 2262 1220 2324 obierat.

725 2379 808 2440 Ecce
830 2379 944 2439 autem
966 2391 1072 2437 novae
1095 2373 1227 2437 iabulaa
1250 2376 1483 2450 argumentum
1506 2375 1688 2437 indicatum
1706 2375 1770 2437 sibi
1792 2376 1897 2436 habuit

679 2496 776 2571 poeta
799 2490 956 2553 comicus.
982 2488 1192 2563 ,Euripidem
1216 2502 1292 2548 cum
1317 2487 1480 2563 Aeschylo
1503 2488 1588 2563 apud
1610 2487 1733 2551 interos
1755 2502 1896 2564 congres-

677 2607 776 2668 sum”
807 2604 1015 2667 exhibiturus
1045 2607 1107 2664 est.
1144 2601 1217 2662 Illic
1247 2601 1338 2662 enim
1368 2602 1436 2662 iam
1467 2601 1571 2662 iuncti
1605 2604 1685 2663 sunt
1715 2603 1777 2663 viri
1813 2602 1895 2663 dissi·

679 2721 792 2796 miles,
823 2715 1156 2780 llarathonomaohus
1186 2717 1221 2776 et
1243 2714 1365 2789 loquax
1388 2713 1548 2790 sophista.
1572 2716 1680 2776 Ambo
1701 2716 1769 2776 iam
1793 2731 1812 2778 a
1836 2718 1896 2777 vita

678 2835 825 2895 humana
846 2833 927 2893 sunt
948 2829 1090 2905 exemti,
1114 2830 1148 2890 et
1166 2828 1325 2904 Aeschyli
1348 2827 1456 2890 nobile
1474 2828 1555 2890 illud
1575 2829 1716 2891 dictum:
1742 2845 1800 2906 ,se
1820 2836 1893 2894 tem·

677 2947 747 3026 pori
769 2947 922 3007 dramata
943 2959 1007 3005 sua
1027 2943 1158 3004 tradere
1176 2942 1371 3004 iudicanda”
1395 2943 1497 3004 etiam
1519 2943 1554 3003 in
1572 2943 1766 3004 recentioris
1787 2947 1895 3020 poetae

677 3060 830 3140 operibus
860 3059 928 3119 iam
959 3056 1059 3118 valet.
1090 3056 1181 3133 Quae
1207 3056 1309 3118 verba
1330 3070 1406 3117 cum
1430 3057 1676 3118 transferuutur
1695 3057 1728 3117 tn
1751 3057 1892 3134 linguam
1967 3035 1968 3112 ξ

676 3174 878 3249 comoediae,
910 3187 949 3233 ea
979 3185 1061 3246 quaa
1092 3170 1184 3232 cerni
1206 3171 1363 3246 tangique
1386 3173 1510 3245 queant
1531 3171 1730 3246 requirentis
1752 3172 1793 3234 ad
1815 3176 1892 3251 cogi-

675 3292 749 3351 tata
778 3287 996 3363 enuntianda,
1029 3287 1114 3348 hanc
1146 3286 1288 3348 formam
1318 3287 1476 3349 induunt:
1507 3304 1567 3350 rex
1590 3289 1771 3351 inferorum
1795 3290 1893 3352 altero

673 3405 772 3480 poeta
801 3400 897 3462 alteri
925 3399 1076 3476 opposito
1108 3398 1225 3460 etiloiet
1255 3401 1322 3461 utri
1344 3400 1503 3462 debeatur
1525 3402 1622 3463 sedes
1645 3403 1708 3479 ipsi
1731 3403 1888 3479 proxima,

673 3518 789 3593 utpote
819 3515 853 3575 in
886 3515 958 3574 arte
988 3513 1301 3589 praestantissimo;
1325 3514 1412 3576 hunc
1435 3515 1525 3575 enim
1549 3513 1659 3576 locum
1682 3515 1892 3578 honorificum

673 3628 838 3703 Aeschylo
871 3628 1035 3689 hactenus
1068 3627 1233 3689 tributum
1263 3627 1326 3688 sibi
1356 3643 1445 3692 nunc
1473 3632 1587 3705 poscet
1612 3629 1793 3706 Euripides.
1815 3631 1889 3692 Cum
1965 3669 1966 3680 κ

672 3744 846 3807 materiem
877 3744 951 3802 tum
981 3743 1186 3803 structuram
1216 3741 1423 3819 dramatum,
1454 3743 1675 3818 praefationes
1698 3747 1731 3805 et
1753 3743 1892 3806 diverbia

672 3862 707 3921 et
728 3858 871 3934 cantica,
897 3869 1053 3917 versuum
1078 3869 1236 3916 numeros
1259 3858 1293 3916 et
1322 3855 1439 3916 modos
1461 3857 1495 3917 et
1516 3855 1736 3919 saltationum
1758 3855 1889 3934 figuras,

671 3988 774 4052 parva
797 3973 830 4032 et
852 3985 975 4047 magna
997 3969 1095 4031 Pluto
1119 3969 1300 4045 perpendet
1322 3984 1362 4031 en
1385 3970 1473 4031 inter
1494 3983 1531 4031 se
1555 3969 1711 4032 conteret.

716 4088 754 4147 ln
788 4099 891 4146 unum
927 4083 1029 4159 igitur
1060 4083 1169 4144 locum
1201 4082 1442 4160 Aristophanes
1474 4082 1619 4158 tragicos
1645 4087 1760 4159 poetas
1781 4085 1891 4146 ambos

671 4200 812 4264 deducit.
843 4200 931 4260 Ante
961 4198 1087 4273 regiam
1119 4197 1357 4259 Acherontiam
1387 4199 1522 4275 ponitur
1552 4199 1670 4274 ingens
1699 4199 1796 4279 libra,
1819 4199 1888 4260 atle-

671 4317 788 4377 runtur
810 4311 1041 4389 perpendicula
1063 4315 1097 4373 et
1119 4312 1251 4387 regulae
1275 4315 1309 4373 et
1331 4327 1468 4373 normae
1491 4315 1526 4374 et
1544 4312 1733 4374 formellae:
1757 4315 1889 4375 minuta·

670 4431 731 4490 tim
773 4441 890 4488 severo
924 4425 1045 4487 iudicio
1080 4425 1340 4502 explorabantur
1374 4426 1548 4501 utriusque
1581 4441 1718 4502 operum
1752 4426 1886 4503 pondus,

670 4543 792 4617 forma,
817 4539 973 4616 pretium.

715 4654 778 4716 Sed
811 4654 909 4730 poeta
942 4653 1089 4714 comicus
1121 4652 1199 4713 dum
1232 4655 1324 4715 totus
1352 4652 1416 4714 tuit
1445 4653 1479 4713 in
1510 4653 1640 4714 duriore
1670 4653 1732 4715 hac
1756 4651 1886 4714 materie

669 4767 854 4844 effingenda
884 4769 919 4828 et
948 4767 1072 4842 ingenii
1105 4767 1209 4844 copiis
1237 4768 1398 4844 ornanda,
1431 4767 1471 4828 de
1494 4768 1687 4843 quaestione
1710 4785 1728 4830 e
1750 4785 1784 4830 re
1804 4767 1885 4829 litte·

670 4886 759 4946 raris
788 4884 944 4945 desumto
972 4883 1020 4943 ita
1049 4882 1226 4958 disputans
1256 4885 1293 4944 ut
1321 4899 1364 4944 ex
1388 4885 1586 4958 argumento
1608 4881 1764 4945 abstruso
1785 4879 1887 4956 lepida

669 4997 763 5060 deret
791 4996 918 5074 tabula,
950 4997 1030 5058 obiit
1052 4997 1156 5057 etiam
1181 4996 1358 5073 Sophocles
1388 4997 1606 5072 grandaevus.
1630 4997 1692 5074 Qui
1715 4995 1886 5071 nonaginta
