4375 6284
657 977 699 1036 52
1174 988 1216 1033 on
1238 987 1364 1034 somna

657 1175 794 1223 mensae
813 1159 976 1222 secundas
995 1159 1075 1221 dum
1094 1158 1289 1222 adiacebant
1307 1159 1372 1221 viri
1390 1159 1502 1220 senior
1520 1161 1554 1220 et
1572 1157 1692 1235 iunior,
1711 1159 1752 1220 de
1762 1159 1870 1220 litteris

658 1276 773 1352 patriis
802 1274 971 1350 disputare
1002 1276 1196 1348 coeperunt3
1227 1274 1305 1335 hinc
1334 1274 1421 1349 rixa,
1452 1272 1588 1333 tandem
1617 1275 1755 1333 strenue
1783 1287 1869 1347 vapn-

660 1391 741 1450 lavit
764 1403 878 1449 senex.

702 1503 784 1564 Ecce
808 1504 935 1578 autem,
959 1501 1067 1576 prodit
1090 1501 1193 1562 etiam
1216 1498 1323 1561 iilius:

706 1616 817 1693 „Tune
841 1614 1018 1690 vapulasse
1047 1616 1080 1675 te
1110 1614 1281 1687 quereris?
1313 1611 1395 1688 Quid
1418 1613 1531 1674 enim?
1555 1614 1605 1675 Me
1631 1616 1746 1675 autem
1767 1614 1871 1688 flagro·

662 1746 755 1806 „rum
778 1729 839 1790 tibi
863 1727 1030 1790 illatorum
1054 1743 1112 1789 cur
1134 1728 1279 1803 pudeat?
1302 1727 1397 1787 Satin
1420 1728 1561 1803 sapis?”
1585 1760 1626 1772 -

704 1847 738 1905 et
767 1841 1029 1918 argumentando
1060 1840 1147 1902 clare
1173 1841 1392 1916 demonstrat,
1417 1843 1571 1916 parentes
1593 1856 1614 1902 a
1636 1839 1752 1903 liberis
1774 1839 1875 1902 verbe

659 1960 773 2020 rentur
801 1971 935 2018 necesse
966 1971 1053 2032 esse,
1085 1971 1128 2016 ne
1150 1955 1204 2016 vis
1226 1953 1284 2015 liat
1306 1969 1416 2016 rerum
1439 1956 1577 2016 naturae
1601 1954 1747 2034 δράσαντι
1769 1957 1876 2015 παθεῖν

659 2071 800 2145 iubenti;
819 2071 931 2144 itaque
950 2072 1093 2131 metram
1113 2084 1243 2143 quoque
1261 2083 1342 2129 mox
1360 2084 1398 2129 se
1411 2069 1667 2148 castigaturum,
1686 2085 1750 2145 quo
1761 2069 1875 2132 melius

659 2186 786 2245 constet
809 2198 919 2244 rerum
943 2184 1164 2244 humanarum
1188 2182 1274 2243 ratio
1297 2185 1397 2256 atque
1419 2181 1647 2256 aequabilitas.

702 2297 809 2359 Sentit
839 2297 908 2358 iam
938 2311 1041 2357 senex
1071 2311 1136 2371 quo
1166 2296 1363 2357 deduxerint
1385 2311 1422 2357 se
1444 2297 1524 2356 novi
1546 2297 1621 2358 aevi
1642 2297 1764 2359 studia.
1791 2297 1877 2373 ¹‚llea

658 2411 792 2487 culpal”
822 2411 870 2471 sic
899 2411 1050 2470 moestus
1079 2423 1213 2470 secum:
1242 2410 1391 2485 „integer
1414 2408 1494 2470 olim
1517 2424 1610 2470 eram
1634 2410 1744 2484 vitam
1769 2409 1878 2485 quidni

661 2525 803 2601 ¹‚mansi,
827 2523 884 2584 ssd
906 2522 1023 2584 fraude
1045 2521 1167 2583 damna
1188 2523 1349 2584 resarcire
1371 2537 1447 2582 sum
1471 2525 1626 2584 conatus!
1650 2523 1745 2584 Istud
1769 2525 1877 2585 autem

661 2637 912 2713 „Meditaoulum
947 2651 1005 2697 cur
1033 2635 1154 2711 petivit
1189 2635 1389 2696 Delirabam.
1423 2635 1560 2696 Utinam
1596 2650 1736 2711 puerum
1767 2651 1877 2698 meum

661 2767 755 2826 „cum
786 2751 878 2825 equis
909 2750 979 2811 suis
1009 2749 1163 2810 lascivire
1193 2749 1350 2810 sivissem
1382 2750 1511 2824 potius;
1534 2751 1647 2811 minus
1670 2766 1770 2826 quam
1797 2765 1881 2810 nunc

659 2866 709 2940 „ei
732 2865 935 2926 nocuisseml
961 2861 1141 2939 corruptus
1163 2863 1311 2938 perditus
1336 2863 1459 2939 impius
1479 2865 1547 2924 iam
1571 2879 1591 2924 a
1614 2864 1749 2926 Socrate
1772 2863 1879 2926 rediit.

659 2979 770 3055 „Quod
793 2979 879 3039 band
904 2979 1018 3038 tamen
1041 2977 1176 3052 impune
1199 2976 1284 3037 teret
1305 2976 1402 3038 illel”
1425 3009 1470 3019 -

701 3096 802 3168 utque
831 3107 943 3152 rerum
973 3092 1195 3152 humanarum
1218 3091 1304 3152 satis
1327 3090 1476 3164 aequalis
1498 3091 1544 3151 sit
1565 3091 1649 3152 ratio
1672 3106 1730 3168 pro
1756 3092 1882 3152 viribus
1980 3133 1981 3142 κ

655 3210 690 3268 et
707 3207 777 3282 ipse
796 3219 932 3283 operam
952 3205 1047 3280 dens,
1073 3204 1189 3265 aedem
1209 3203 1480 3280 philosophorum
1500 3202 1629 3265 facibus
1647 3207 1748 3279 atque
1767 3206 1880 3280 ligoni-

655 3320 716 3381 bus
739 3319 875 3380 adortus
898 3316 997 3379 delet.

698 3547 881 3608 Mortemne
904 3545 1084 3606 instantem
1108 3545 1211 3605 etiam
1235 3544 1411 3620 effugerint
1434 3545 1587 3605 Socrates
1610 3549 1644 3606 et
1665 3544 1883 3622 Gbaerspnon

653 3664 687 3723 et
717 3662 828 3722 cetera
857 3657 1085 3720 tenebrionum
1115 3657 1214 3718 turba
1243 3656 1406 3731 squalida,
1438 3672 1480 3718 an
1510 3658 1603 3718 fumo
1626 3657 1659 3719 in
1683 3658 1885 3721 lieditaculo
1980 3678 1981 3753 p

652 3789 712 3835 suo
742 3775 810 3834 sint
840 3771 1004 3847 suffocati,
1037 3773 1074 3831 ut
1105 3771 1231 3844 aliquot
1262 3771 1361 3832 annis
1390 3772 1468 3831 ants
1498 3771 1698 3846 Pythagorei
1721 3771 1883 3846 Crotone,
1980 3768 1981 3855 ζ

651 3904 715 3949 non
739 3887 890 3962 refertur,
915 3900 993 3945 nam
1019 3883 1115 3946 linita
1137 3887 1190 3946 est
1212 3884 1341 3958 fabula;
1365 3884 1423 3945 sed
1444 3885 1578 3959 dignam
1599 3886 1689 3945 certe
1707 3886 1769 3946 tali
1789 3887 1885 3948 exitu
1980 3864 1981 3881 ¹

650 4017 724 4061 esse
744 4000 847 4061 talem
868 3998 987 4074 vitam,
1008 4000 1215 4072 spectatores
1234 4013 1252 4058 e
1269 3998 1403 4058 theatro
1422 3997 1558 4058 domum
1574 3997 1753 4059 redeuntes
1764 4015 1884 4060 secum
1980 4014 1981 4055 l

652 4114 796 4189 cogitare
820 4112 925 4173 voluit
947 4114 1055 4186 poeta.

1234 4477 1292 4538 IX.

696 4681 930 4758 Aristophanis
960 4681 1024 4742 arti
1054 4681 1083 4741 si
1114 4680 1191 4753 quid
1222 4680 1414 4741 detrimenti
1437 4696 1524 4742 anno
1547 4682 1701 4758 proximo
1722 4683 1893 4745 intulerat

652 4797 799 4857 studium
831 4796 976 4872 partium
1008 4795 1171 4868 civilium,
1202 4794 1396 4854 felicissime
1426 4794 1457 4854 id
1488 4795 1557 4855 iam
1580 4797 1651 4856 erat
1674 4799 1891 4872 reparatum.

653 4912 735 4970 Nam
767 4924 891 4970 novum
921 4923 1003 4984 opus
1035 4907 1142 4968 multo
1173 4922 1271 4980 quam
1300 4906 1380 4968 illud
1411 4910 1482 4968 erat
1505 4908 1680 4968 venustius
1706 4907 1894 4984 multoque

653 5023 788 5084 maioris
807 5021 977 5096 ponderis;
999 5035 1105 5095 neque
1126 5020 1263 5080 calidius
1286 5021 1464 5081 iudicantis
1483 5022 1553 5081 erat
1576 5021 1756 5095 sententia,
1775 5035 1894 5095 quam
