4375 6284
768 997 810 1042 nn
833 995 940 1042 rnxru
964 977 1117 1042 ametro.
1488 981 1553 1042 ele

336 1164 401 1233 leno
430 1169 601 1232 revocavit
630 1168 663 1229 le
692 1168 778 1243 quod
809 1183 915 1228 unum
944 1167 1010 1228 iert
1033 1169 1213 1229 contextus
1236 1169 1271 1228 et
1293 1167 1393 1228 dictio
1417 1167 1559 1229 semies:

336 1281 634 1361 ἐξανοισμέναι.
663 1282 769 1344 ilaus
798 1282 918 1358 capillis
947 1297 1114 1357 croceoque
1141 1285 1218 1342 emis
1246 1282 1397 1353 οισακνο,
1430 1283 1558 1343 eomtse

336 1402 430 1474 alque
453 1399 602 1460 ornatae.

419 1513 499 1588 Lys.
524 1512 601 1574 558.

642 1617 704 1707 κᾷτ’
730 1619 867 1702 δντάξη
889 1619 1013 1683 τάτανον
1036 1621 1165 1702 τερπνὸν
1189 1619 1248 1682 κτλ.

336 1739 490 1815 Hirschlg
513 1753 630 1801 verum
654 1738 803 1800 restituit
825 1735 1005 1821 λνστάξη,
1030 1737 1116 1811 quod
1139 1752 1205 1798 non
1228 1735 1374 1798 multum
1397 1736 1431 1797 in
1454 1737 1560 1798 minu·

334 1854 424 1915 scula
446 1853 645 1929 praesertim
667 1851 861 1914 litteratura
883 1852 1050 1928 discrepat
1072 1849 1236 1911 alitteris
1259 1849 1405 1911 traditis.

375 1967 457 2029 Ran.
485 1967 581 2028 1078.
609 1965 690 2028 Olim
716 2000 755 2010 —
781 1965 968 2042 Aeschylus
992 1967 1102 2027 ait-
1127 1965 1262 2041 remipes

419 2079 477 2141 οάκ
501 2073 654 2158 ἠπίσταντ’
680 2073 739 2139 ett’
766 2075 786 2158 ἢ
810 2080 908 2157 μᾶζαν
930 2075 1098 2139 καλέσαι
1120 2074 1171 2138 καλ
1193 2075 1360 2157 ῥυππαπαῖ
1378 2075 1482 2136 ελπιῖν.

333 2194 548 2256 Probabiliter
558 2193 784 2254 vHerwerden
796 2192 931 2270 λάψαι.
943 2225 985 2234 -
1000 2192 1041 2254 Al
1052 2207 1140 2253 κακο
1150 2226 1189 2236 -
1199 2191 1308 2268 pergit
1318 2191 1506 2266 Aeschylus
1517 2225 1557 2236 —

330 2308 405 2370 urire
427 2311 540 2370 ποωνα

641 2417 904 2500 ὑπογραμματέων
927 2418 1125 2499 ἀνεμεστώθη

489 2546 552 2596 leet
643 2531 695 2595 καλ
717 2533 902 2614 βωμολόχων
925 2535 1163 2613 δημοπιθήκων,

644 2645 874 2722 [ἐξαπατώντων
897 2648 949 2710 τὸν
973 2649 1072 2728 δῆμον
1096 2647 1162 2722 etei]

642 2763 787 2842 λαμπάδα
810 2759 838 2824 δ’
863 2762 964 2836 οὐδεὶς
988 2756 1051 2838 οἷός
1075 2787 1104 2825 τι
1128 2761 1268 2845 φέρειν

689 2873 738 2938 διά
765 2875 956 2958 ἀγυμνασίας
979 2875 1019 2938 ἔτι
1044 2878 1125 2941 νννί.

329 2991 502 3054 Emblema
523 2992 610 3053 inira
632 3007 693 3054 suo
716 2993 788 3054 loeo
808 2994 1164 3067 commemorabimus;
1184 2997 1357 3071 praeterea
1375 2994 1455 3054 vitio
1474 2990 1560 3053 laho-

331 3109 403 3168 rant
433 3105 537 3168 verba
566 3105 695 3168 ultima.
728 3107 812 3168 Nam
834 3122 933 3168 nemo
956 3108 1027 3168 tam
1051 3105 1170 3168 debilis
1192 3106 1246 3169 vel
1268 3109 1384 3171 tardus
1405 3111 1459 3170 est
1480 3108 1558 3182 quin

326 3221 408 3294 serre
442 3223 556 3282 tamen
592 3221 698 3296 possit
723 3221 838 3298 samm,
870 3221 928 3283 ssd
959 3220 999 3282 de
1028 3219 1283 3306 λαμπαδοδρομίμ
1309 3222 1438 3300 agitur3
1460 3224 1560 3299 poeta

333 3333 466 3398 dederat

640 3448 784 3527 λαμπάδα
807 3442 836 3508 δ’
862 3446 965 3522 οδδελς
989 3441 1053 3522 οἷός
1076 3469 1107 3509 τε
1130 3446 1293 3528 τρέχειν.

337 3559 420 3636 Quod
442 3562 590 3624 restituit
610 3561 768 3638 Blaydes,
790 3562 911 3624 collato
931 3561 1117 3639 Vesparum
1135 3579 1236 3625 versu
1256 3566 1352 3644 1203,
1373 3568 1429 3630 uhi
1447 3572 1558 3645 exqui-

338 3677 426 3738 sitior
447 3677 530 3738 haee
551 3676 673 3738 locutio
696 3677 887 3755 incolumis,
912 3678 1032 3755 quippe
1054 3680 1164 3740 metro
1187 3679 1338 3757 detensa,
1356 3687 1558 3758 permansit:

338 3785 497 3863 ἐδιώκαθές
519 3785 585 3852 ποτ’
613 3787 633 3870 ἢ
656 3791 769 3871 λαχών,
789 3787 810 3870 ἢ
832 3790 976 3868 λαμπάδα
997 3787 1002 3874 Ι
1023 3789 1160 3871 ἔδραμες.

376 3905 679 3967 Ecclesianusarum
702 3904 834 3968 iahulae
856 3907 891 3967 in
916 3907 945 3967 R
967 3906 1142 3968 exordium
1171 3909 1238 3968 est:

597 4009 621 4080 ὦ
643 4018 782 4099 λαμπρὸν
806 4017 887 4098 ὄμμα
909 4028 963 4081 τοῦ
986 4020 1170 4099 τροχηλάτου
1193 4021 1306 4100 λύχνον

596 4127 723 4194 κάλλιστ’
749 4131 782 4193 ἐν
806 4132 994 4213 εὐστόχοισιν
1016 4132 1273 4213 ἐξητημὲνον.

339 4243 372 4305 In
404 4249 433 4306 Γ
461 4246 585 4322 legitur
619 4245 825 4326 εδοκόποισιν,
862 4249 947 4323 quod
981 4263 1098 4310 verum
1132 4249 1282 4325 videtum
1313 4251 1372 4312 sed
1401 4252 1560 4316 ultimum

340 4361 470 4423 verbum
502 4362 603 4424 etiam
634 4362 668 4422 in
692 4364 721 4422 Γ
740 4365 792 4424 est
816 4359 1006 4441 λξητημένον.
1032 4363 1123 4439 Quod
1146 4365 1203 4440 qui
1226 4365 1373 4448 scripsit,
1398 4369 1456 4427 aut
1478 4368 1561 4430 nihil

340 4474 465 4537 volebst
497 4480 555 4538 aut
586 4472 711 4549 ἐξαιτεῖν
741 4476 925 4552 (πράσιμα
957 4491 1077 4554 nempe
1106 4493 1172 4541 non
1201 4487 1341 4556 agnorat
1363 4481 1562 4555 exquisitius

340 4603 398 4663 qun
418 4589 610 4667 Praxagora
631 4591 738 4652 utitur
761 4590 899 4652 verbum
923 4589 1059 4670 ἐξαρτᾶν.
1079 4592 1240 4655 Restituit
1257 4593 1337 4656 olim
1356 4594 1561 4658 Palmarius:

340 4698 611 4784 λξηρτημλνον.
634 4705 834 4782 Lucernam,
859 4720 960 4781 quam
980 4721 998 4768 ο
1018 4706 1140 4769 domus
1157 4709 1282 4783 pariete
1298 4710 1472 4787 suspende,
1491 4709 1560 4772 late

340 4818 539 4894 resplendere
563 4819 643 4882 dieii
666 4820 863 4882 muliercula
885 4820 1176 4906 παρατραχφδοθσα.

377 4932 460 4996 hoel.
484 4937 537 4997 et.
564 4932 701 4997 Celerem
724 4935 846 4996 virilem
869 4937 903 4996 ut
921 4936 1001 4997 eutis
1018 4951 1090 4998 meu
1108 4937 1264 5014 ι’κσαοκω,
1283 4937 1350 4998 alia
1368 4939 1416 4999 ait
1427 4939 1557 5018 mulier,

600 5046 861 5128 δχλιαινάμην
884 5047 997 5110 ἑστῶσα
1017 5049 1092 5129 πρὸς
1114 5049 1167 5111 τδν
1189 5049 1285 5129 ἣλιον.
