4375 6284
683 959 745 1020 198
1148 972 1435 1019 σοιωοισοουιι

677 1146 813 1225 μάμαξ
848 1150 1048 1225 καλοῦμαι
1085 1145 1227 1219 Μίδας.
1262 1143 1398 1225 πέμπτον
1437 1142 1506 1207 καθ’
1541 1146 1765 1230 δτιοκορισμόν,
1798 1148 1833 1224 ὡς
1861 1150 1887 1211 τό

677 1261 975 1340 Σωκρατίδιον,
1012 1258 1270 1338 Εὐριπίδιον.
1304 1256 1390 1321 έκτον
1423 1254 1484 1321 κατ’
1522 1259 1704 1342 ἐναλλαγήν,
1739 1260 1780 1335 ὡς
1811 1262 1840 1325 τό
1868 1256 1887 1324 δ

680 1374 781 1435 Βδεῦ
806 1373 979 1436 δέσποτα
1003 1371 1071 1435 άντλ
1093 1382 1148 1435 τοῦ
1172 1365 1196 1435 ὦ
1221 1378 1290 1435 Ζεῦ.
1313 1371 1445 1453 ἕβδομον
1468 1372 1544 1434 κατά
1567 1382 1667 1453 σχῆμα
1685 1373 1800 1451 λέξεως·
1816 1386 1888 1439 τοῦτο

604 1497 637 1546 18
683 1483 717 1548 δέ
744 1485 766 1568 ἢ
796 1498 887 1573 φωνῇ
915 1488 1031 1568 γίνεται
1061 1485 1082 1568 ἦ
1112 1492 1175 1561 τοῖς
1207 1485 1390 1568 δμογενέσιν.
1421 1486 1453 1548 ἐκ
1485 1484 1519 1549 δδ
1540 1498 1600 1549 τῶν
1622 1491 1809 1571 πραγμάτων
1827 1490 1889 1551 κατὰ

677 1601 811 1682 τρόπους
842 1603 909 1665 δύο.
939 1610 1062 1683 πρῶτον
1091 1601 1168 1663 κατά
1191 1600 1321 1680 δυτάτην,
1343 1599 1383 1674 δνς
1406 1602 1600 1682 Στρεψιάδης
1622 1602 1760 1677 πεισθείς
1782 1603 1890 1683 ἀληθεῖς

678 1709 757 1777 εἶναι
775 1717 845 1789 τοὺς
864 1714 931 1797 περί
949 1718 1069 1796 ψάλλης
1091 1716 1208 1797 λόγους.
1235 1716 1375 1795 δεάτερον
1398 1712 1467 1777 καθ’
1495 1714 1648 1796 δμοίωσιν·
1671 1714 1691 1797 ἡ
1716 1715 1749 1780 δέ
1767 1716 1891 1797 δμοίωσις

678 1830 721 1903 τίς
744 1832 801 1893 δόο
825 1829 977 1910 τέμνεται,
1001 1829 1022 1911 ἢ
1045 1831 1087 1904 είς
1110 1830 1144 1892 τό
1167 1827 1299 1909 βέλτιον,
1325 1828 1365 1903 ὡς
1389 1827 1405 1891 ό
1430 1828 1567 1904 Ξανθίας
1591 1832 1632 1905 είς
1650 1827 1803 1913 Ἠρακλῆ,
1822 1831 1840 1913 ἢ
1859 1833 1893 1905 εἰς

680 1943 714 2006 τό
736 1950 852 2026 χεῖρον,
874 1942 915 2019 ὣς
938 1942 955 2008 δ
978 1945 1130 2018 Διόνυσος
1154 1943 1197 2017 είς
1221 1942 1372 2011 Ξανθίαν.

1277 2221 1344 2299 ό.

726 2398 824 2461 ίστέον
854 2399 900 2462 ότι
929 2397 1121 2477 Ἀλέξανδρος
1145 2397 1161 2461 δ
1185 2398 1318 2473 Λίτωλός
1341 2398 1393 2461 καί
1420 2400 1593 2479 Λυκόφρων
1616 2397 1632 2462 δ
1657 2402 1825 2475 Χαλκιδεὺς
1846 2400 1896 2462 όπὸ

681 2516 874 2592 Πτολεμαίου
908 2523 962 2576 τοῦ
1000 2511 1194 2591 Φιλαδέλφου
1221 2513 1440 2595 προτραπέντες
1470 2513 1524 2588 τὰς
1554 2514 1700 2594 σκηνικδις
1727 2516 1897 2596 διόρθωσιν

681 2628 827 2709 βίβλους,
857 2627 1035 2708 Λυκόφρων
1064 2624 1120 2706 μέν
1148 2626 1201 2701 τάς
1230 2636 1283 2706 της
1313 2629 1489 2714 κωμωδίας,
1514 2627 1704 2708 Ἀλέξανδρος
1729 2627 1762 2691 δὲ
1786 2629 1835 2703 τὰς
1855 2637 1898 2705 τῆς

687 2742 872 2829 τραγῳδίας,
900 2740 974 2802 ἀλλὰ
1005 2739 1044 2820 δη
1074 2739 1126 2803 καί
1148 2740 1199 2815 τὰς
1223 2742 1393 2822 σατυρικάς.
1418 2740 1434 2804 δ
1458 2740 1514 2823 γάρ
1540 2745 1724 2821 Πτολεμαῖος
1746 2742 1898 2822 φιλολομά

685 2879 772 2929 τατος
795 2854 838 2917 ὧν
861 2855 913 2917 διὰ
936 2855 1113 2935 Δημητρίου
1136 2864 1191 2917 τοῦ
1217 2853 1380 2936 Φαληρέως
1403 2854 1454 2917 καί
1476 2854 1584 2935 έτέρων
1607 2854 1773 2937 ἐλλογίμων
1791 2855 1898 2935 ἀνδρῶν

685 2971 837 3043 δαπάναις
860 2971 1030 3049 βασιλικαῖς
1052 2967 1268 3049 ἁπανταχόθεν
1290 2968 1342 3043 τάς
1366 2970 1492 3049 βίβλους
1515 2970 1557 3042 είς
1577 2971 1800 3049 Ἀλεξάνδρειαν
1819 2971 1899 3045 nm}

682 3090 809 3164 θροισεν
842 3081 894 3143 καλ
929 3081 999 3145 δυσί
1029 3083 1243 3162 βιβλιοθήκαις
1278 3084 1388 3156 ταύτας
1419 3081 1565 3162 ἀπέθετο,
1594 3074 1638 3145 ὧν
1667 3092 1720 3163 τῆς
1750 3082 1833 3156 έκτδς
1853 3078 1899 3161 μὲν

682 3197 814 3280 ἀριθμός
848 3198 1088 3278 τετρακισμύριοι
1119 3197 1260 3278 δισχίλιαι
1289 3193 1476 3275 ὀκτακόσιαι,
1504 3206 1557 3277 τῆς
1588 3194 1621 3259 δέ
1650 3206 1710 3259 τῶν
1733 3195 1899 3275 ἀνακτόρων

682 3311 766 3386 έντδς
797 3321 955 3393 συμμιγῶν
986 3308 1041 3390 μέν
1071 3311 1185 3391 βίβλων
1213 3308 1345 3392 άριθμδς
1367 3313 1590 3391 τεσσαράκοντα
1613 3313 1773 3391 μυριάδες,
1795 3310 1899 3392 άμιγῶν

683 3423 717 3488 δέ
745 3425 797 3487 καλ
827 3422 932 3487 ἁπλῶν
963 3424 1107 3505 μυριάδες
1136 3423 1233 3486 έννέα·
1256 3417 1300 3487 ὧν
1324 3426 1394 3498 τοὺς
1417 3426 1548 3499 πίνακας
1571 3426 1698 3506 ὕστερον
1722 3428 1899 3504 Καλλίμαχος

684 3538 889 3622 ἀπεγράψατο.
910 3534 1124 3620 Ἐρατοσθένει
1149 3535 1181 3599 δὲ
1204 3535 1347 3625 ἡλικιάτη
1371 3540 1566 3619 Καλλιμάχου
1589 3538 1672 3621 παρὰ
1694 3550 1749 3603 τοῦ
1769 3540 1901 3622 βασιλέος

680 3655 714 3717 τδ
736 3663 875 3716 τοιοῦτον
897 3652 1097 3732 ένετιιστεόθη
1126 3654 1388 3733 βιβλιοφυλάκιον.
1418 3653 1455 3714 τά
1480 3650 1513 3715 δὲ
1536 3655 1788 3735 συνηθροισμένα
1811 3652 1900 3737 βιβλία

681 3769 736 3849 οὐχ
752 3764 910 3848 Ἑλλήνων
940 3766 1052 3846 μόνον,
1080 3765 1155 3827 άλλδι
1177 3766 1227 3828 καί
1251 3777 1311 3830 τῶν
1334 3765 1433 3829 ἄλλων
1457 3765 1601 3830 ἁπάντων
1624 3768 1727 3831 ἐθνῶν
1750 3763 1840 3851 ἦσαν,
1860 3764 1900 3827 καί

680 3882 720 3963 δὴ
742 3881 794 3944 καί
811 3878 966 3963 Ἑβραίων
984 3880 1096 3944 αότῶν.
1116 3880 1169 3955 τάς
1181 3880 1219 3960 δὴ
1240 3873 1297 3943 σόν
1317 3890 1376 3943 τῶν
1395 3878 1495 3944 άλλων
1512 3880 1615 3945 ίθνῶν
1635 3890 1744 3961 σοφοῖς
1764 3882 1901 3963 ἀνδράσιν

680 3998 711 4073 ἐξ
733 3995 861 4059 έκάστου
884 3995 997 4068 ἔθνους
1020 3995 1076 4072 τήν
1099 4017 1129 4057 τε
1153 3995 1268 4057 οἰκείαν
1288 3994 1398 4074 φωνην
1421 3996 1476 4076 τήν
1500 4019 1530 4057 τε
1555 4006 1615 4058 τῶν
1632 3992 1791 4077 Ἑλλήνων
1816 4001 1901 4065 καλῶς

679 4112 775 4175 είδόσι
797 4109 851 4184 τὰς
874 4108 905 4184 έξ
927 4108 1055 4171 έκάστου
1079 4107 1243 4191 ίφχειρίσας
1266 4110 1362 4184 οότως
1384 4108 1613 4191 έρμηνευθηναι
1631 4110 1725 4186 αότδις
1748 4112 1903 4189 πεποίηκεν

679 4227 721 4300 είς
748 4224 805 4304 την
829 4219 963 4285 Ἑλλάδα
992 4227 1132 4304 γλῶτταν·
1164 4223 1211 4285 ὅτε
1242 4221 1280 4301 δὴ
1310 4222 1362 4284 καί
1396 4222 1448 4298 τάς
1485 4234 1545 4285 τῶν
1575 4220 1732 4305 Ἑβραίων
1768 4224 1820 4287 διά
1851 4232 1901 4283 riv

678 4338 886 4420 έβδομήκοντα
908 4334 1137 4417 ἕρμηνευθῆναι
1158 4338 1331 4418 πεποίηκεν.
1356 4338 1433 4399 οότω
1457 4334 1512 4417 μέν
1543 4329 1600 4401 οὖν
1623 4344 1838 4421 μετενεχθῆναι
1859 4336 1902 4407 τὰς

679 4462 738 4514 τῶν
768 4450 866 4514 άλλων
897 4450 999 4513 ἐθνῶν
1028 4451 1070 4523 είς
1101 4450 1156 4530 τὴν
1173 4446 1305 4514 Ἑλλάδα
1327 4451 1436 4530 φωνὴν
1459 4454 1612 4532 πεποίηκε.
1636 4450 1688 4526 τὰς
1712 4450 1746 4515 δέ
1767 4448 1902 4533 σκηνικδς

681 4565 870 4646 Ἀλέξανδρός
891 4588 937 4643 τε,
959 4564 1000 4640 ὡς
1023 4564 1127 4645 ἔφθην
1149 4566 1257 4645 εἰπάν,
1281 4566 1331 4627 καὶ
1355 4566 1531 4646 Λυκόφρων
1554 4567 1781 4646 διωρθώσαντο·
1805 4568 1855 4639 τὰς
1874 4563 1901 4623 δι’

680 4703 714 4763 με
736 4680 893 4760 ποιητικάς
917 4680 1090 4758 Ζηνόδοτος
1110 4690 1230 4759 πρῶτον
1256 4678 1308 4741 καλ
1331 4680 1457 4761 ὕστερον
1480 4681 1666 4763 Ἀρίσταρχος
1686 4679 1902 4759 διωρθώσαντο»

679 4796 776 4857 καίτοι
794 4793 845 4868 τὰς
857 4790 1021 4876 Ὁμηρικὰς
1039 4793 1247 4873 έβδομήκοντα
1263 4794 1320 4857 δύο
1338 4792 1538 4876 γραμματικοὶ
1557 4793 1606 4856 έιτλ
1621 4796 1838 4875 Πεισιστράτου
1856 4798 1902 4851 τοῦ

679 4909 849 4988 Ἀθηναίων
867 4910 1018 4991 τυράννου
1041 4906 1190 4987 διέθηκαν
1209 4906 1335 4986 οὑτωσί,
1354 4910 1513 4987 σποράδην
1531 4907 1625 4983 οόσας
1643 4909 1675 4971 τό
1694 4908 1777 4989 πρίν·
1796 4904 1903 4983 ίκετρί·

677 5026 781 5100 θησαν
801 5018 834 5084 δέ
851 5017 913 5083 κατ’
935 5021 1029 5085 αότδν
1048 5020 1164 5085 έκεῖνον
1186 5022 1239 5084 τόν
1257 5020 1364 5104 καιρόν
1383 5018 1432 5083 §vl
1448 5023 1636 5104 Ἀριστάρχου
1653 5022 1706 5084 καί
1724 5020 1895 5102 Ζηνοδότου
