4375 6284
657 909 720 969 186
1174 923 1216 968 nn
1239 921 1364 968 ronnas

654 1098 791 1157 taneum
813 1095 901 1155 inter
923 1095 1076 1156 homines
1100 1097 1244 1157 constat.
1267 1095 1316 1156 En
1339 1095 1439 1172 igitur
1461 1110 1526 1160 non
1553 1095 1765 1173 ,bomtnnn”,
1788 1109 1876 1169 quern

653 1208 786 1270 dicebat
814 1208 1029 1284 Protagoras,
1058 1209 1130 1270 sive
1152 1209 1328 1270 hominum
1351 1211 1508 1272 naturam
1531 1213 1564 1272 et
1588 1209 1735 1272 indolem
1758 1209 1881 1269 cunctis

653 1321 836 1400 propriam,
867 1322 926 1383 sed
959 1322 1139 1397 ,hominm
1170 1323 1335 1398 quemlibet
1364 1337 1475 1385 rerum
1507 1322 1715 1386 modulum”.
1739 1318 1878 1396 Singulo-

654 1452 731 1499 rum
764 1439 879 1498 autem
912 1435 1042 1497 iuribus
1076 1453 1152 1498 cum
1183 1438 1394 1515 postponitur
1424 1438 1477 1498 ius
1511 1452 1702 1513 commune,
1734 1450 1796 1498 nec
1822 1432 1881 1494 nisi

654 1545 793 1612 eatenus
824 1549 938 1611 valent
969 1564 1079 1611 mores
1103 1554 1270 1625 quatenus
1293 1552 1450 1612 convenit
1471 1550 1670 1612 mortalibus
1693 1549 1806 1611 nullas
1826 1545 1884 1607 nisi

654 1664 718 1725 slbi
748 1663 831 1738 ipsis
854 1662 1001 1727 rationes
1022 1664 1235 1742 debentibus,
1261 1665 1388 1726 reditur
1411 1664 1451 1726 ad
1475 1665 1565 1726 vitae
1587 1664 1680 1725 illam
1704 1662 1883 1732 feritatem,

655 1776 742 1838 unde
772 1790 877 1852 genus
906 1776 1091 1838 humanum
1123 1778 1262 1840 emersit
1292 1777 1372 1840 olim
1403 1778 1437 1838 in
1469 1777 1596 1839 cultum
1628 1775 1780 1850 civilem
1812 1789 1880 1834 nam

656 1890 730 1952 aevi
753 1889 897 1951 recentis
919 1889 1089 1966 alumnus,
1115 1892 1171 1966 qui
1195 1891 1285 1952 ultra
1307 1890 1385 1952 boni
1408 1890 1552 1965 malique
1575 1888 1659 1951 flues
1680 1888 1760 1950 illuc
1779 1901 1882 1964 perre-

655 2002 706 2066 nlt
739 2002 796 2064 ubi
826 2002 906 2064 licet
935 2004 1022 2077 quod
1052 2003 1174 2081 placet,
1206 2019 1272 2066 non
1304 2005 1523 2082 discrepata
1552 2005 1670 2080 priscis
1698 2000 1884 2078 cycloplbus

656 2117 803 2181 Homero
830 2114 1021 2194 celebratis,
1053 2117 1110 2192 qul
1131 2133 1208 2179 oum
1232 2119 1380 2180 nondum
1404 2118 1598 2180 didicissent
1620 2119 1750 2179 rectum
1775 2115 1885 2177 discor·

657 2245 735 2291 nere
758 2244 876 2307 pravo,
900 2244 1006 2304 neque
1029 2231 1218 2292 divinarum
1242 2247 1347 2306 neque
1370 2232 1591 2293 humanarum
1611 2231 1723 2306 legum
1745 2229 1884 2290 ullarum

659 2357 738 2404 cura
760 2343 876 2404 bablta
898 2357 959 2404 suo
983 2343 1143 2405 vivebant
1166 2343 1339 2406 arbitratu.

703 2457 870 2519 Vitiosum
893 2457 980 2518 bunc
1003 2472 1136 2519 morum
1159 2458 1383 2519 bumanorum
1407 2457 1522 2520 orbem
1544 2456 1664 2518 intimo
1687 2456 1785 2518 corde
1804 2469 1885 2531 pero-

660 2585 719 2631 sus
749 2572 847 2646 poeta
876 2571 1024 2632 comicus
1054 2570 1240 2632 Macareum
1272 2571 1485 2648 Euripideum
1508 2571 1594 2633 banc
1616 2571 1829 2647 potissimum
1851 2565 1886 2628 ob

665 2699 800 2746 oausam
824 2683 1087 2762 abominabatur,
1113 2686 1197 2759 quod
1220 2700 1386 2760 nusquam
1405 2685 1529 2747 elarius
1547 2699 1649 2760 quam
1666 2687 1700 2746 ln
1720 2683 1778 2745 illo
1797 2683 1889 2744 beroe
1963 2749 1964 2760 χ

664 2798 791 2874 tragico
832 2800 1007 2873 appararet
1047 2813 1147 2871 quam
1188 2800 1375 2875 perniciosa
1412 2799 1602 2875 tragoediae
1636 2799 1750 2860 essent
1784 2795 1889 2858 studia

662 2911 842 2974 iudiciaria.
1963 2905 1964 2982 J

709 3028 768 3103 ,In
797 3026 969 3103 longinqui
998 3027 1102 3088 maris
1125 3027 1234 3089 insula
1256 3028 1399 3103 quadarn
1423 3027 1547 3090 Aeolus
1570 3030 1747 3089 ventorum
1771 3025 1890 3088 arbiter
1963 3089 1964 3114 ,

664 3141 768 3217 ,vivit
791 3156 867 3203 curn
887 3156 949 3202 sex
972 3140 1050 3201 liliis
1072 3143 1107 3202 et
1134 3157 1194 3204 sex
1217 3139 1358 3204 filiabus.
1383 3141 1484 3204 Gutus
1507 3141 1619 3217 ampla
1640 3141 1732 3217 regia
1750 3139 1889 3201 interdiu
1963 3181 1964 3214 ,

664 3257 785 3331 ,cantu
814 3259 849 3316 et
878 3254 1059 3316 saltatione
1089 3258 1238 3333 resonat,
1271 3257 1349 3317 dum
1380 3256 1482 3317 lautis
1512 3254 1617 3332 epulis
1639 3269 1698 3317 rex
1721 3269 1798 3316 eum
1823 3253 1889 3314 suis

665 3370 882 3447 ,perfruitur;
918 3384 1036 3431 omnes
1069 3370 1160 3431 eninr
1189 3371 1224 3431 in
1255 3371 1361 3446 ipsius
1392 3371 1528 3433 aedibus
1558 3369 1720 3432 habitant.
1748 3369 1889 3445 Vespera
1963 3415 1964 3422 ,

666 3486 799 3561 ,autern
823 3499 900 3546 cum
923 3485 1029 3563 venit,
1052 3485 1087 3546 in
1110 3500 1173 3547 sua
1195 3486 1320 3562 singuli
1342 3486 1493 3549 cubicula
1516 3485 1690 3548 discedunt
1714 3500 1791 3546 cum
1816 3499 1888 3544 uxo·

665 3599 793 3674 ,ribus;
817 3597 904 3659 filias
927 3597 1017 3659 enim
1039 3597 1119 3660 filiis
1143 3600 1177 3660 in
1200 3600 1455 3662 matrimonium
1479 3599 1571 3662 dedit
1593 3599 1752 3662 Aeolus.”
1774 3633 1816 3644 -
1840 3599 1888 3658 sic
1963 3627 1964 3686 q

663 3714 696 3774 in
720 3713 868 3788 Odyssea
890 3711 1102 3788 narrabatur;
1127 3729 1145 3774 o
1168 3715 1360 3775 sanctarum
1384 3713 1487 3790 igitur
1508 3712 1694 3775 fabularum
1714 3713 1794 3774 orbe
1814 3714 1889 3773 baec
1963 3695 1964 3698 ¹

664 3830 749 3899 erat;
774 3828 846 3888 erat
867 3841 936 3887 una
953 3841 972 3886 e
991 3826 1105 3902 micis,
1125 3840 1210 3901 quas
1230 3827 1413 3889 Homerum
1434 3827 1474 3889 de
1492 3827 1590 3904 plena
1606 3841 1724 3888 mensa
1740 3826 1890 3902 delapsas
1963 3823 1964 3826 ’

664 3941 802 4017 tragicis
824 3939 932 4015 poetis
954 3938 1176 4014 sublegendas
1198 3939 1373 4014 reliquisse
1403 3940 1511 4002 dicere
1538 3940 1675 4002 amabat
1695 3938 1889 4014 Aeschylus.
1963 3931 1964 4020 j

664 4054 737 4130 Vel,
769 4056 807 4114 ut
836 4054 910 4114 sine
937 4053 1083 4128 imagine
1106 4053 1291 4129 loquamur,
1316 4053 1505 4129 tragoediae
1529 4055 1607 4130 apta
1630 4057 1703 4114 erat
1725 4053 1889 4114 materies.

664 4167 832 4242 Quomodo
855 4170 969 4228 autem
992 4167 1055 4228 boc
1077 4169 1275 4241 argumento
1299 4182 1381 4228 usus
1404 4172 1456 4228 est
1479 4166 1674 4244 Euripides?
1704 4167 1798 4229 Fecit
1821 4165 1890 4226 inde
1963 4191 1964 4196 κ

664 4279 780 4342 drama
797 4281 919 4342 furoris
938 4283 972 4341 et
990 4279 1128 4342 sceleris
1146 4280 1297 4359 plenum,
1318 4279 1467 4342 lacrimis
1485 4287 1520 4342 et
1534 4281 1696 4356 sanguine
1713 4281 1887 4357 scriptum:

664 4397 788 4457 amoris
818 4395 999 4457 celebravit
1022 4396 1090 4456 vim
1114 4395 1276 4457 invictam
1301 4398 1335 4457 et
1358 4411 1415 4458 eos
1439 4411 1568 4470 quoque
1594 4395 1737 4471 parietes
1758 4395 1887 4471 perfrin-

663 4512 797 4586 gentem
809 4510 929 4584 quibus
940 4513 1060 4571 natura
1079 4511 1207 4585 saepsit
1224 4510 1399 4571 familiam.
1418 4511 1488 4570 Non
1500 4510 1623 4571 fabella
1634 4510 1663 4570 ei
1675 4509 1738 4571 luit
1749 4509 1889 4584 simplex

664 4628 698 4687 et
728 4639 770 4685 ex
800 4639 840 4685 ea
869 4622 1002 4699 regione
1031 4622 1085 4685 vel
1117 4639 1158 4684 ex
1182 4639 1222 4685 ea
1245 4626 1356 4684 aetate
1379 4624 1549 4700 desumta,
1572 4637 1655 4698 quae
1679 4621 1889 4684 matrimonia

664 4755 685 4799 a
714 4737 874 4799 iratribus
904 4752 981 4798 cunr
1007 4737 1177 4799 sororibus
1200 4737 1285 4798 inita
1308 4741 1424 4798 nosset
1447 4740 1481 4798 et
1502 4735 1667 4812 probaret,
1690 4736 1749 4797 sed
1773 4735 1892 4797 amoris

663 4853 783 4913 incesti
812 4851 1003 4928 exemplum
1034 4851 1281 4912 tristissimum.
1313 4851 1385 4911 Non
1416 4866 1492 4912 cunr
1524 4851 1646 4911 lunone
1670 4849 1760 4910 Iovis
1782 4864 1889 4910 sorore

664 4968 699 5027 et
717 4981 819 5028 uxore
838 4967 1044 5042 comparavit
1065 4965 1159 5028 Aeoli
1179 4964 1283 5026 tiliam
1302 4965 1398 5026 tratri
1421 4966 1456 5025 in
1478 4966 1587 5041 prisca
1604 4962 1718 5025 tabula
1735 4966 1887 5041 nuptam,
