4375 6284
1149 950 1192 994 bu
1214 949 1340 994 roam

1227 1273 1266 1333 V.

679 1469 788 1528 Mense
823 1464 999 1525 Februario
1030 1463 1108 1523 anni
1139 1464 1218 1537 425,
1247 1461 1336 1523 ludis
1365 1463 1518 1538 Lenaeis,
1549 1478 1673 1524 novam
1696 1462 1850 1534 tabulam,
1952 1516 1956 1563 ἵ

634 1597 732 1657 quarn
753 1579 969 1640 Achoraeneee
991 1578 1088 1652 poeta
1111 1577 1258 1654 vocavit,
1283 1575 1498 1638 callistratus
1524 1593 1585 1638 suo
1612 1579 1747 1637 nomine
1770 1575 1854 1637 dedit

634 1697 824 1772 primasque
847 1693 880 1752 in
905 1707 945 1752 ea
967 1691 1036 1766 egit
1059 1693 1184 1766 partes.

678 1806 822 1870 Fabulae
844 1805 939 1865 initio
964 1804 1145 1879 adspicitur
1167 1804 1276 1880 Pnyx,
1301 1804 1358 1865 uhi
1379 1804 1488 1880 hodie,
1512 1819 1605 1864 more
1623 1804 1738 1878 solito,
1762 1804 1853 1863 habe·

634 1923 721 1981 bitur
743 1919 856 1996 populi
878 1919 1002 1980 concio.
1026 1918 1234 1979 Habebitur'?
1255 1919 1361 1979 immo
1383 1919 1506 1979 dudum
1527 1921 1678 1994 coeptam
1699 1918 1855 1993 oportuit,

636 2050 712 2094 narn
744 2034 851 2108 prima
880 2032 952 2093 luce
983 2047 1094 2093 rerum
1119 2032 1324 2107 publicarum
1348 2033 1481 2093 initium
1505 2030 1577 2092 fleri
1599 2032 1691 2092 iubet
1713 2046 1801 2106 mos,
1825 2032 1856 2089 et

635 2148 736 2208 altius
765 2147 833 2207 iam
863 2146 898 2206 in
921 2144 1051 2206 caelum
1075 2145 1250 2206 adscendit
1271 2145 1333 2207 sol.
1356 2145 1623 2206 Ardentissimus
1645 2147 1765 2222 quippe
1788 2147 1857 2204 esto

636 2261 763 2323 civibus
793 2259 1054 2320 Atheniensibus
1085 2276 1180 2321 amor
1209 2261 1352 2335 patriae:
1380 2276 1446 2321 non
1469 2263 1584 2321 tamen
1607 2265 1724 2321 tantus
1747 2262 1799 2320 est
1823 2261 1858 2317 ut

636 2377 694 2436 aut
725 2374 824 2435 ceteri
855 2376 913 2435 aut
944 2375 1162 2448 magistratus
1195 2374 1283 2434 iusto
1314 2377 1465 2449 tempore
1495 2375 1611 2435 adesse
1634 2373 1754 2433 veiint:
1778 2372 1857 2433 lucri

637 2486 790 2548 videlicet
812 2487 894 2547 nihil
917 2487 1045 2548 faciunt
1068 2488 1125 2560 qui
1148 2487 1271 2548 adsunt
1295 2489 1454 2549 concioni.

680 2602 774 2662 Unus
796 2603 909 2661 tamen
932 2601 1028 2661 adest
1050 2599 1258 2677 Dicaeopolis
1280 2602 1409 2661 mediae
1429 2602 1549 2661 aetatis
1569 2601 1662 2661 civis.
1682 2601 1855 2661 Aratorem

638 2730 759 2775 vocare
794 2729 831 2775 se
866 2714 1007 2790 solebat,
1043 2715 1236 2776 etiamnunc
1270 2730 1388 2776 vocare
1418 2731 1455 2775 se
1486 2713 1601 2790 vellet,
1628 2747 1671 2756 -
1703 2716 1734 2774 si
1764 2713 1859 2773 modo

638 2832 728 2889 esset
761 2828 848 2902 quod
882 2831 1006 2903 araret,
1042 2829 1100 2889 sed
1135 2828 1281 2889 dirutum
1317 2833 1368 2889 est
1403 2828 1583 2904 praedium.
1618 2827 1759 2888 Sextum
1788 2827 1855 2887 iam

638 2957 761 3002 anuum
793 2957 868 3002 oum
900 2941 971 3002 suis
1000 2942 1161 3017 transigit
1183 2943 1272 3002 intra
1294 2941 1385 3002 urbis
1407 2941 1548 3002 moenia.
1572 2941 1710 3000 Sextum
1736 2956 1858 3002 annum

638 3056 781 3116 seilicet!
814 3055 887 3115 Illic
917 3055 1003 3114 situs
1034 3058 1086 3115 est
1116 3055 1187 3116 eius
1216 3057 1337 3130 pagus!
1370 3055 1538 3130 Htoquod
1563 3056 1729 3128 agatnen
1751 3052 1860 3112 habet.

639 3169 802 3244 Quorsum
827 3169 927 3229 etiam
952 3168 982 3228 ei
1006 3167 1099 3228 vita?
1122 3169 1211 3228 Mera
1233 3169 1344 3228 taedia
1365 3171 1399 3228 et
1418 3182 1594 3229 aerumnas
1613 3167 1756 3227 afferunt
1773 3165 1861 3239 longi

638 3283 719 3343 dies.
760 3282 855 3342 Nunc
894 3295 1023 3355 quoque
1065 3281 1556 3355 stomachatur...numquam
1599 3281 1761 3340 nimirum
1794 3293 1861 3338 non

639 3397 827 3457 sero'venit
849 3394 1016 3455 desidiosa
1038 3409 1121 3470 gens
1144 3395 1287 3470 urbana;
1311 3409 1387 3455 rure
1409 3395 1577 3456 maturius
1599 3394 1761 3467 surgiturr

683 3508 730 3568 En
754 3507 889 3568 tandem
913 3509 1052 3583 denique
1076 3509 1197 3570 adsunt
1220 3512 1392 3584 prytanea,
1422 3509 1554 3583 iamque
1577 3508 1702 3569 sensim
1727 3505 1863 3567 confluit

639 3620 788 3696 populus.
830 3621 883 3681 Fit
918 3623 1085 3683 concionis
1119 3622 1270 3695 initium;
1311 3621 1385 3683 dein
1420 3622 1677 3682 introducuntur
1710 3619 1812 3695 legati
1844 3633 1862 3678 e

638 3734 751 3795 Persia
785 3748 889 3808 nuper
923 3737 1058 3796 reversi.
1093 3734 1159 3794 Vix
1190 3735 1293 3795 credit
1326 3735 1398 3795 suis
1429 3735 1564 3796 auribus
1593 3733 1807 3809 Dicaeopolis.
1838 3731 1862 3792 E

639 3849 774 3909 Persia?
805 3847 932 3922 Ergone
963 3850 1100 3910 vesania
1123 3849 1265 3924 correpti
1287 3852 1369 3909 sunt
1390 3850 1629 3924 Athenienses,
1652 3847 1708 3922 qui
1730 3847 1863 3907 hostem

640 3963 769 4023 avitum
794 3995 833 4006 -
860 3977 924 4023 nou
955 3964 1071 4023 stricto
1103 3961 1212 4038 gladio
1243 3963 1378 4038 adeant,
1410 3963 1467 4024 sed
1500 3963 1594 4023 vultu
1625 3962 1712 4022 comi
1736 3965 1770 4022 et
1791 3961 1864 4021 suh

640 4075 758 4152 misso,
791 4091 947 4137 nummos
976 4077 1104 4137 scilicet
1133 4076 1175 4136 ab
1206 4092 1244 4138 eo
1275 4077 1522 4151 efflagitantes?
1549 4077 1638 4138 Eone
1666 4076 1769 4150 igitur
1796 4077 1864 4134 iam

641 4192 836 4263 perventum
880 4193 945 4265 est,
989 4193 1026 4249 ut
1062 4189 1261 4250 Artaxerxis
1295 4195 1329 4249 et
1363 4193 1571 4265 satraparum
1614 4203 1731 4250 aurum
1771 4204 1865 4264 appe

640 4305 714 4363 tant
743 4303 929 4378 Spartiatae
961 4304 1237 4379 Atheniensibus,
1277 4304 1498 4366 Athenienses
1533 4303 1709 4379 Spartiatis
1737 4302 1864 4362 malum
1963 4360 1964 4391 3

641 4417 835 4476 struentes?

686 4529 799 4590 Altera
821 4544 934 4589 coram
958 4531 1078 4605 populo
1107 4533 1293 4605 senatuque
1314 4532 1422 4606 prodit
1443 4530 1578 4606 legatio,
1603 4544 1686 4605 quae
1705 4545 1725 4590 a
1745 4530 1866 4590 Sitalce
1963 4584 1964 4599 ,

642 4642 846 4717 Odrysarum
881 4657 958 4716 rege
992 4643 1132 4704 adduxit
1166 4643 1302 4705 auxilia.
1338 4645 1402 4704 Ain
1435 4643 1539 4705 vero?
1572 4642 1707 4704 Auxilia
1736 4657 1757 4702 a
1785 4642 1868 4702 feris

641 4756 910 4830 immanibusque
942 4757 1017 4816 istis
1047 4756 1222 4834 Rhodopes
1244 4758 1388 4818 incolis?
1418 4757 1590 4832 Stipendia
1612 4773 1629 4816 a
1654 4771 1732 4830 rege
1755 4755 1867 4816 barba·

642 4884 753 4929 rorum
778 4870 1002 4944 orientalium,
1029 4870 1153 4930 auxilia
1175 4887 1195 4931 a
1225 4872 1561 4947 septentrionalium?
1593 4871 1759 4946 Quantum
1783 4872 1870 4931 foret

641 4984 770 5058 patriae
793 4984 977 5045 dedecus..
993 4985 1077 5044 .nisi
1099 4999 1194 5045 mera
1212 4986 1384 5047 mendacia
1403 4986 1483 5046 haec
1501 4992 1615 5046 essent
1633 4985 1760 5045 omnia!
1781 4985 1868 5045 Nam
