4375 6284
689 921 753 981 162
1204 936 1246 981 nn
1268 936 1393 983 romu

687 1109 721 1168 in
751 1109 844 1182 parte
875 1106 997 1168 clarius
1028 1108 1131 1168 etiam
1161 1123 1262 1182 quam
1292 1109 1327 1170 in
1351 1109 1458 1184 priore
1480 1113 1618 1186 apparet
1640 1112 1809 1174 inferioris
1830 1117 1897 1176 artis

687 1222 751 1283 hoc
773 1236 847 1316 esse
870 1224 989 1296 poetae
1012 1236 1094 1297 opus
1118 1237 1218 1297 quam
1242 1222 1455 1285 Feminarum
1477 1223 1671 1300 Imperium.
1695 1227 1780 1288 Nam
1804 1229 1835 1289 in
1852 1229 1898 1289 illo

687 1336 795 1398 multo
818 1334 949 1412 parcius
972 1335 1203 1411 disputabatur
1227 1350 1324 1409 quam
1350 1352 1438 1398 nunc
1461 1335 1498 1398 ut
1521 1339 1555 1399 in
1579 1354 1667 1401 nors
1685 1341 1812 1423 fabrile,
1830 1357 1900 1417 quae

686 1451 824 1512 Laboris
864 1449 964 1512 habet
1006 1451 1102 1512 deam
1145 1452 1428 1513 demonstrantem
1464 1452 1606 1514 ultimae
1641 1454 1807 1516 stultitiae
1840 1471 1900 1517 esse

686 1573 801 1641 optare
829 1567 868 1625 ut
897 1564 1021 1626 divites
1050 1563 1133 1626 flant
1163 1581 1281 1627 omnes
1311 1567 1478 1644 homines,
1502 1570 1537 1628 et
1559 1568 1684 1643 optime
1706 1569 1838 1643 quidem
1858 1571 1900 1630 de

685 1682 949 1753 monstrantem
979 1679 1015 1739 in
1045 1679 1258 1741 Feminarum
1290 1683 1403 1742 autem
1433 1680 1577 1757 Imperio
1602 1683 1665 1744 etsi
1689 1698 1755 1744 non
1779 1684 1899 1746 deerant

686 1797 743 1872 qui
759 1795 968 1868 Praxagorae
988 1792 1138 1854 consiliis
1157 1794 1414 1868 obloquerentur
1433 1795 1683 1873 aliquantisper,
1703 1813 1784 1860 mox
1801 1801 1902 1859 tamen

685 1908 949 1984 argumentando
968 1907 1047 1968 victi
1069 1921 1176 1968 novae
1199 1908 1358 1970 scientiae
1381 1909 1506 1970 dabant
1527 1925 1665 1970 manus:
1688 1941 1729 1953 —
1743 1911 1777 1970 et
1797 1912 1900 1970 temen

686 2023 721 2083 in
749 2023 842 2084 exitu
871 2022 1086 2082 Feminarum
1113 2021 1248 2096 Imperii
1271 2023 1513 2097 spectatoribus
1536 2038 1601 2084 non
1624 2023 1733 2099 potuit
1756 2037 1822 2084 non
1843 2038 1901 2098 per·

687 2152 823 2197 suasum
853 2149 928 2196 esse
956 2150 1118 2196 novarum
1142 2150 1254 2197 rerum
1276 2134 1377 2196 finem
1401 2137 1470 2198 iore
1490 2137 1687 2210 quantocius
1710 2138 1745 2197 et
1764 2137 1901 2212 priscum

685 2250 832 2312 civitatis
867 2250 1017 2323 regimen
1051 2249 1243 2310 restitutum
1277 2249 1331 2326 iri,
1368 2252 1401 2310 in
1432 2250 1522 2312 Pluti
1553 2265 1630 2311 vero
1660 2249 1791 2311 tabulae
1820 2250 1901 2311 exitu

684 2364 762 2439 quid
784 2366 958 2425 censerent
979 2365 1204 2425 nesciverunt.
1228 2363 1355 2425 Desinit
1377 2365 1470 2441 haec,
1495 2379 1561 2426 non
1584 2364 1761 2426 clauditur.

730 2478 840 2538 Etiam
870 2477 1022 2552 Virgines
1051 2477 1209 2538 Libantes
1239 2477 1355 2538 drama
1384 2478 1607 2553 Aeschyleum
1634 2477 1786 2540 clausula
1807 2481 1902 2552 caret,

685 2592 815 2653 ultimis
838 2591 926 2653 enim
950 2591 1061 2652 verbis
1083 2591 1205 2652 chorus
1228 2594 1324 2666 rogat
1346 2607 1502 2666 quorsum
1527 2592 1662 2654 tandem
1685 2608 1829 2655 evasura
1846 2593 1906 2652 sint

686 2706 912 2768 haecomnia.
937 2705 999 2765 Sed
1024 2705 1207 2766 mediaest
1230 2706 1312 2766 haec
1334 2705 1520 2767 fabularum
1543 2707 1646 2767 trium
1670 2710 1742 2768 arte
1765 2707 1853 2767 iuter
1873 2721 1904 2764 se

683 2819 931 2881 cohaerentium
963 2820 997 2879 et
1025 2818 1180 2893 deinceps
1203 2820 1368 2895 actarum,
1400 2833 1539 2894 quarum
1563 2823 1735 2896 postrema
1757 2821 1798 2881 ad
1822 2819 1904 2880 chori

681 2934 775 2995 illam
798 2932 1028 3007 quaestionem
1051 2932 1278 3006 respondetur.
1302 2932 1421 2993 Plutus
1439 2948 1516 2994 vero
1533 2932 1645 2994 tabula
1663 2933 1821 3007 quoniam
1840 2932 1904 2993 sola

682 3061 739 3122 per
761 3061 798 3107 se
820 3047 999 3121 spectatur,
1023 3044 1171 3119 perlecta
1193 3047 1227 3105 et
1250 3045 1404 3107 absoluta
1427 3047 1578 3107 videatur
1600 3049 1740 3122 oportet.

725 3164 796 3223 Non
826 3159 968 3220 videtur.
991 3159 1109 3219 Plutus
1132 3159 1213 3220 deus
1236 3161 1413 3235 postquam
1437 3175 1480 3221 ex
1502 3159 1672 3222 oculorum
1696 3161 1815 3222 morbo
1837 3175 1904 3222 con·

680 3277 801 3352 valuit,
831 3275 921 3334 inter
951 3272 1110 3334 mortales
1139 3271 1250 3332 nullus
1283 3275 1337 3333 est
1367 3272 1422 3347 qui
1452 3273 1531 3334 deos
1563 3275 1667 3335 ctiam
1703 3273 1808 3350 colat,
1842 3286 1903 3334 nou

678 3391 768 3453 enim
804 3387 994 3449 desiderant
1026 3400 1111 3461 quae
1146 3385 1186 3446 ab
1218 3386 1261 3446 iis
1291 3389 1425 3462 petant;
1457 3401 1563 3448 vacua
1591 3386 1790 3462 desertaque
1817 3389 1903 3448 stant

677 3504 817 3580 templa,
847 3502 1001 3563 esuriunt
1029 3499 1234 3575 sacerdotes,
1267 3499 1337 3576 ipse
1367 3501 1549 3561 Mercurius
1578 3502 1738 3562 caelitum
1771 3502 1905 3563 nuntius

677 3620 719 3680 ab
746 3617 891 3678 hominis
921 3615 1035 3676 divitis
1058 3614 1202 3675 ianitore
1226 3614 1289 3675 cibi
1311 3612 1434 3688 aliquid
1458 3615 1542 3690 petit
1565 3613 1717 3691 supplex.
1742 3615 1902 3691 Quorsum

677 3747 756 3793 vero
785 3731 867 3790 haec
897 3728 1035 3789 omnia?
1065 3728 1188 3802 chuid
1212 3728 1377 3803 indignari
1401 3728 1468 3788 ista
1490 3728 1544 3789 vel
1567 3727 1678 3790 dolere
1700 3733 1904 3805 spectatores

675 3848 767 3906 iubet
799 3844 921 3920 poeta?
951 3843 1085 3903 Minime
1116 3843 1245 3903 rerum!
1279 3841 1315 3902 Id
1346 3856 1450 3902 unum
1482 3842 1552 3916 agit
1580 3844 1618 3902 ut
1640 3842 1785 3904 hilarum
1810 3846 1904 3916 atquc

675 3961 802 4021 clarum
832 3959 939 4019 risum
968 3957 1012 4016 iis
1042 3958 1190 4031 moveat,
1224 3957 1257 4016 et
1282 3955 1406 4017 dudum
1429 3957 1552 4016 norunt
1574 3970 1693 4017 omnes
1715 3955 1903 4018 cuiusmodi

675 4077 706 4136 ei
736 4074 783 4135 sit
812 4087 891 4147 erga
921 4070 1093 4147 Olympios
1123 4070 1321 4131 reverentia.
1352 4069 1447 4131 Nunc
1476 4085 1619 4145 quoque,
1650 4072 1689 4131 ut
1719 4071 1753 4132 in
1781 4071 1903 4132 Arium

674 4187 807 4250 tabulae
830 4187 937 4259 exitu,
961 4185 1072 4261 patuit
1094 4182 1270 4245 caelicolas
1293 4183 1485 4244 hominibus
1508 4184 1643 4245 inutiles
1660 4199 1735 4244 esse
1754 4187 1790 4246 et
1811 4184 1904 4260 plane

675 4314 951 4378 supervacaneos.

719 4415 836 4478 cetera
868 4429 953 4489 quae
987 4411 1088 4473 habet
1116 4426 1226 4472 rerum
1259 4412 1387 4486 species
1417 4413 1564 4488 mutata,
1597 4413 1771 4473 testantur
1806 4412 1902 4473 deum

673 4531 868 4606 Delphicum
910 4525 1087 4601 chremyio
1130 4525 1257 4600 optima
1290 4527 1448 4586 suasisse.
1484 4525 1600 4587 Finem
1635 4526 1724 4586 enim
1761 4527 1821 4588 hic
1855 4529 1904 4587 est

673 4646 862 4719 assecutus,
898 4656 997 4717 quem
1025 4639 1173 4715 petebat:
1205 4638 1300 4699 dives
1331 4641 1395 4715 est,
1429 4639 1546 4716 epulas
1569 4639 1708 4700 instruit
1731 4641 1904 4716 opiparas,

672 4762 707 4822 et
739 4757 823 4832 ipsis
855 4756 928 4817 eius
956 4754 1132 4828 mancipiis
1162 4767 1201 4814 ea
1230 4753 1282 4812 eet
1311 4752 1481 4829 opulentia
1510 4755 1548 4814 ut
1573 4753 1686 4814 aureis
1707 4767 1770 4829 par
1794 4755 1904 4830 impar

671 4872 798 4934 ludant.
823 4870 918 4930 Alius
940 4868 1074 4943 quidam
1096 4868 1146 4928 vir
1165 4866 1303 4942 probus,
1324 4867 1380 4941 qui
1399 4867 1480 4928 item
1498 4867 1731 4943 pauperrimus
1749 4867 1811 4929 diu
1831 4869 1902 4941 fuit,

673 5001 761 5049 nunc
790 4984 901 5047 subito
931 4983 1058 5044 ditatus
1087 4983 1127 5042 ad
1159 4981 1231 5042 eius
1260 4980 1397 5043 domum
1428 4981 1567 5058 accedit,
1592 4983 1630 5042 ut
1663 4979 1761 5042 Pluto
1788 4987 1903 5060 grates
