4375 6284
625 917 667 975 70
1131 929 1180 974 ‘os
1202 928 1328 975 sarran

624 1115 694 1160 rem
720 1100 810 1161 ducit
831 1101 902 1176 lpse
924 1100 1062 1170 Vinltnr.
1086 1102 1182 1162 culus
1205 1115 1285 1163 cena
1308 1101 1464 1177 nuptialis
1485 1100 1585 1163 linem
1608 1101 1687 1162 iacit
1707 1100 1845 1161 tabulae.

625 1212 750 1288 Pompa
772 1214 882 1274 iocosa
904 1213 1069 1289 agricolae
1094 1229 1254 1289 sponsum
1280 1217 1314 1274 et
1335 1228 1492 1290 sponsam
1518 1215 1683 1275 deducunt
1706 1213 1740 1272 in
1764 1228 1837 1289 prae

626 1325 732 1402 dium,
756 1329 902 1386 ceteram
927 1327 1032 1387 vitam
1053 1341 1209 1402 prospere
1233 1330 1266 1387 et
1287 1327 1428 1388 feliciter
1450 1343 1525 1388 rure
1548 1330 1789 1389 transacturos.

671 1438 725 1499 Sic
747 1439 854 1514 patuit
876 1453 942 1500 non
966 1442 1115 1500 mortuos
1137 1454 1211 1500 esse
1234 1441 1349 1500 autin
1372 1455 1471 1501 auras
1496 1440 1672 1500 evanuisse
1695 1439 1845 1500 Graeciae

625 1554 719 1627 deos,
755 1566 859 1625 neque
889 1555 1014 1614 terram
1044 1553 1123 1613 olim
1153 1553 1216 1613 sibi
1247 1568 1358 1614 caram
1394 1554 1534 1614 missam
1566 1553 1694 1614 iecisse.
1726 1553 1846 1628 Regem

626 1664 821 1741 superbum,
854 1681 952 1739 quem
987 1681 1063 1727 cum
1098 1667 1212 1726 mundi
1242 1667 1461 1742 gubernatore
1497 1666 1789 1742 expostulaturum
1819 1667 1849 1726 in

625 1778 715 1838 Iovis
744 1778 844 1839 aedes
873 1779 969 1839 misit
998 1778 1181 1855 Euripides,
1214 1793 1233 1840 e
1263 1778 1406 1840 nubibus
1435 1779 1652 1840 deturbarunt
1676 1779 1710 1838 in
1734 1778 1849 1839 durum

626 1895 733 1952 terrae
763 1892 885 1968 solum,
919 1897 956 1952 ut
986 1892 1141 1953 mortalia
1171 1893 1295 1969 spirare
1319 1893 1459 1954 disceret
1482 1891 1651 1962 mortalis;
1675 1891 1851 1966 agricolam

627 2018 703 2064 vero
734 2005 873 2080 probum
897 2010 932 2066 et
954 2010 1143 2080 strenuum,
1170 2006 1225 2079 qui
1251 2007 1289 2065 de
1313 2006 1440 2081 patriae
1463 2005 1574 2067 salute
1597 2005 1761 2065 sollicitus
1783 2019 1852 2078 sup·

625 2116 702 2191 plex
733 2132 790 2177 eos
821 2116 918 2192 adiit,
942 2117 1074 2177 salvum
1099 2123 1133 2177 et
1156 2117 1225 2177 voti
1248 2119 1434 2193 compotem
1457 2119 1658 2178 remiserunt
1679 2117 1713 2176 in
1738 2130 1853 2191 agrum

626 2231 788 2304 natalem,
820 2228 875 2289 nbi
906 2228 1045 2290 modicis
1075 2229 1191 2305 opibus
1220 2228 1383 2290 frueretur
1413 2230 1446 2289 in
1478 2245 1513 2290 re
1544 2231 1635 2290 tenui
1667 2229 1853 2289 contentus.

627 2342 728 2403 Grato
758 2343 869 2403 animo
893 2341 1022 2403 Vinitor
1048 2377 1087 2386 -
1113 2347 1147 2403 et
1176 2342 1356 2419 paullisper
1380 2343 1501 2404 oblitus
1524 2345 1556 2403 in
1581 2343 1706 2418 pulpito
1730 2341 1855 2402 cornico

628 2470 666 2516 se
697 2455 796 2516 uerba
823 2456 931 2516 lacere
964 2489 1004 2499 -
1035 2457 1174 2516 numina
1207 2455 1337 2532 affatur,
1370 2471 1427 2531 pro
1462 2457 1610 2517 civitatis
1638 2455 1857 2530 prosperitate

627 2583 743 2643 preces
765 2568 889 2644 tundit,
915 2567 1010 2628 Pacis
1031 2569 1112 2629 deae
1134 2571 1169 2628 in
1191 2571 1316 2629 terram
1338 2569 1450 2630 reduci
1471 2582 1566 2629 sacra
1588 2567 1663 2628 lert.
1683 2567 1857 2642 Sapientes

635 2679 780 2755 ,bellum
811 2680 959 2740 omnium
991 2695 1103 2741 rerum
1133 2684 1261 2756 patrem
1292 2685 1388 2742 esse''
1419 2680 1614 2757 perhibeant
1639 2679 1734 2741 licet:
1759 2677 1858 2739 fidem

632 2792 675 2852 iis
697 2807 764 2853 non
786 2792 909 2853 babent
926 2792 983 2867 qui
1002 2808 1119 2868 agrum
1139 2793 1261 2854 colunt.
1281 2794 1396 2854 Sciunt
1414 2794 1448 2854 hi
1467 2808 1533 2854 non
1552 2793 1625 2854 odio
1644 2793 1678 2853 et
1695 2791 1860 2853 discordia

633 2904 691 2965 sed
725 2905 808 2965 caeli
843 2903 999 2968 beneficio
1034 2907 1197 2967 maturari
1228 2907 1385 2968 frumenti
1420 2907 1556 2983 aristas,
1590 2921 1656 2966 non
1690 2905 1769 2966 belli
1803 2905 1860 2966 sed

632 3019 725 3094 pacis
747 3019 842 3079 donis
864 3021 1052 3095 turgescere
1074 3035 1225 3081 racemos
1249 3022 1282 3081 et
1304 3018 1386 3081 licus
1410 3021 1582 3094 stolium,
1605 3021 1715 3082 sciunt
1733 3018 1861 3080 bellurn

634 3146 708 3192 esse
738 3133 928 3194 mortalium
959 3133 1183 3211 improborum
1213 3139 1247 3194 st
1269 3134 1459 3210 impiorum,
1484 3149 1600 3210 pacem
1623 3148 1700 3194 vero
1722 3136 1862 3194 sanctae

633 3243 769 3304 deornm
788 3246 952 3306 voluntati
969 3246 1232 3320 obsequentium.
1253 3246 1357 3322 Supra
1376 3247 1481 3307 rabidi
1496 3247 1652 3308 torrentis
1667 3246 1864 3321 voraginem

632 3357 787 3433 panditur
803 3359 893 3420 alma
908 3359 967 3420 lux
984 3374 1080 3420 mous
1095 3358 1327 3436 multicoloris,
1345 3360 1459 3421 Furori
1475 3364 1588 3421 custos
1604 3361 1734 3421 additus
1748 3362 1863 3420 Amor.

634 3471 705 3531 Non
724 3486 834 3533 rerum
854 3472 1026 3534 dominum
1045 3473 1169 3534 bellurn
1188 3472 1266 3534 lecit
1284 3488 1418 3534 summa
1437 3473 1492 3534 lex
1511 3474 1639 3551 mundi,
1659 3473 1717 3534 ssd
1737 3473 1864 3534 bellum

633 3599 713 3660 pace
732 3585 861 3647 domari
879 3587 991 3664 iussit,
1011 3586 1139 3647 malum
1159 3587 1247 3647 vinci
1265 3587 1399 3662 virtute,
1420 3587 1595 3662 caliginem
1614 3587 1701 3662 luce,
1720 3586 1864 3647 llartem

634 3696 740 3759 subici
762 3699 937 3761 Minervae.

680 3812 855 3874 (lomicane
877 3815 960 3874 baec
981 3814 1046 3875 fuit
1067 3814 1203 3875 fabula?
1226 3816 1277 3875 An
1302 3814 1533 3885 dithyrambos
1556 3813 1666 3888 potius
1684 3814 1737 3874 cst
1755 3814 1865 3874 dicen·

636 3928 698 3990 dns
728 3930 769 3990 ad
798 3943 913 4004 pacem
944 3929 1170 3990 celebrandam
1195 3929 1411 4004 compositus,
1437 3927 1489 3989 cui
1511 3927 1662 3988 admixta
1683 3927 1729 3986 sit
1751 3925 1869 3987 tabula

637 4043 791 4117 magica?
825 4040 921 4102 Veris
954 4042 1068 4116 utique
1103 4043 1327 4104 dissimillima
1360 4057 1508 4117 quaeque
1541 4039 1612 4102 fleri
1645 4039 1735 4101 nullo
1767 4043 1869 4115 pacto

636 4156 804 4231 potuerint
838 4155 992 4216 videntur
1029 4172 1113 4231 quae
1152 4156 1251 4232 spatii
1289 4156 1512 4232 temporisque
1549 4152 1670 4214 tinibus
1706 4154 1869 4214 audacter
1972 4213 1973 4218 ,

637 4268 797 4343 neglectis
824 4270 1044 4331 ostenduntur
1070 4270 1324 4346 spectatoribus,
1340 4315 1348 4330 .
1363 4316 1370 4330 .
1384 4315 1391 4328 .
1406 4269 1463 4329 sed
1494 4267 1605 4329 labala
1637 4266 1693 4326 illa
1720 4265 1871 4327 absurda
1972 4293 1973 4351 3

636 4381 721 4442 miro
755 4382 898 4455 quodam
933 4385 1043 4458 poesis
1076 4384 1249 4460 splendore
1287 4386 1340 4444 est
1372 4382 1505 4458 perlusa
1538 4382 1683 4455 iocisque
1717 4378 1873 4440 abundat

636 4495 878 4574 festivissimis,
913 4499 992 4558 serii
1026 4503 1141 4560 autem
1175 4501 1303 4561 consilii
1334 4501 1368 4560 et
1396 4496 1565 4558 masculae
1595 4493 1775 4570 gravitatis
1807 4492 1872 4554 sub
1972 4543 1973 4566 ,

636 4616 828 4679 turbulenta
857 4617 995 4677 lascivia
1023 4620 1155 4678 tantum
1185 4615 1284 4677 babet
1309 4618 1348 4675 ut
1379 4613 1483 4673 multo
1511 4611 1646 4671 maioris
1669 4621 1773 4681 quam
1801 4607 1872 4668 vul·

637 4747 735 4809 gares
768 4748 956 4794 scurrarum
997 4731 1136 4792 facetiae
1171 4731 1216 4791 sit
1249 4730 1347 4805 pretii
1385 4731 1418 4788 et
1451 4725 1615 4802 ponderis.
1654 4722 1725 4782 Non
1761 4721 1875 4782 divini

637 4847 779 4909 iumenti
812 4847 875 4908 alis
908 4846 1037 4907 Vinitor
1069 4846 1105 4905 in
1146 4845 1275 4906 caelum
1313 4847 1366 4904 est
1400 4842 1522 4916 elatus,
1557 4839 1614 4900 sed
1648 4841 1765 4897 tamen
1807 4849 1876 4910 quo

638 4961 796 5023 tendebat
823 4961 990 5037 perventa
1021 4961 1167 5021 rusticus
1198 4959 1368 5019 modestus
1390 4955 1567 5017 scarabaeo
1590 4965 1650 5012 suo
1673 4952 1797 5010 vectus
1821 4953 1878 5012 est
