4375 6284
757 992 837 1038 vira
860 993 899 1038 nr
926 994 1093 1040 erneisus.
1520 977 1541 1036 9

320 1179 336 1224 3
363 1163 456 1226 bellis
479 1163 631 1239 gerendis
654 1163 763 1224 alieni.
788 1163 858 1224 Non
883 1163 1008 1239 glorias
1030 1164 1140 1225 studio
1163 1162 1437 1237 impellebantur:
1460 1161 1542 1222 bene

319 1281 385 1339 erat
406 1277 437 1337 si
460 1278 584 1338 missos
606 1291 663 1337 eos
686 1275 834 1336 iacerent
865 1279 980 1350 gentes
1005 1279 1134 1338 ceterae
1157 1277 1190 1336 et
1211 1276 1245 1335 in
1267 1291 1328 1336 sua
1351 1291 1387 1337 se
1410 1275 1543 1349 regione

318 1391 459 1451 sinerent
482 1390 673 1465 imperitare
696 1390 835 1464 paganis
859 1389 947 1450 vitae
971 1405 1089 1466 parurn
1109 1388 1273 1449 humanae
1291 1403 1459 1463 nunqnam
1477 1402 1543 1448 non

319 1503 475 1578 pertaesis
494 1504 528 1564 et
547 1501 711 1563 libertatis
732 1503 885 1576 quamvis
904 1517 1019 1563 auram
1040 1502 1137 1564 avide
1156 1501 1377 1577 captantibus.
1390 1501 1544 1563 cultioris

320 1618 402 1678 vitae
432 1631 545 1677 euram
577 1615 703 1677 nullam
736 1615 914 1692 habebant,
940 1617 1054 1691 ignota
1077 1615 1335 1678 reformidantes
1357 1630 1490 1690 semper
1510 1619 1545 1675 et

320 1745 389 1790 cum
418 1732 588 1792 contemtu
613 1743 689 1790 vere
716 1728 839 1789 rustico
873 1729 1026 1804 quioquid
1057 1729 1230 1791 insolitum
1261 1732 1353 1790 esset
1386 1728 1543 1803 repellen-

319 1847 378 1920 tes,
400 1875 442 1886 -
461 1844 579 1918 quippe
596 1841 715 1916 quibus
730 1857 928 1918 persuasum
946 1847 1037 1906 esset
1053 1843 1180 1904 nullam
1199 1858 1310 1906 rerum
1324 1845 1542 1904 mutationem

320 1958 452 2018 meliora
474 1957 591 2018 afferre
614 1970 725 2032 posse,
750 1955 931 2030 periculum
960 1960 1072 2018 autem
1104 1958 1232 2018 instare
1254 1956 1491 2032 gravissimum
1515 1957 1544 2016 si

322 2071 358 2130 ab
387 2071 553 2131 institutis
582 2070 699 2145 patriis
723 2069 956 2131 discederetur.
987 2071 1034 2131 Ut
1056 2072 1201 2146 primum
1225 2071 1265 2132 ab
1288 2086 1404 2132 eorum
1427 2069 1546 2130 tinibus

321 2187 524 2244 recesserunt
547 2183 680 2259 Persae,
704 2183 966 2245 Atheniensibus
988 2185 1111 2246 bellum
1135 2187 1315 2260 gerendum
1340 2183 1543 2258 reliquerunt

322 2299 547 2358 libentissime.
1398 2382 1401 2389 ยน

362 2411 431 2470 Non
461 2410 569 2472 iloridi
599 2411 701 2486 igitur
728 2411 855 2472 roboris
878 2412 1009 2486 signum
1035 2415 1108 2473 erat
1129 2414 1223 2487 quies
1245 2413 1304 2473 illa
1326 2413 1372 2474 rei
1396 2411 1545 2487 publicae

323 2524 651 2585 Lacedaemoniorum
684 2527 782 2597 atque
813 2539 945 2585 morum
968 2525 1149 2602 stabilitas,
1174 2527 1232 2587 sed
1255 2529 1368 2601 torpor
1391 2525 1548 2586 dicendus

324 2643 392 2698 erat
419 2639 528 2714 potius
558 2637 726 2699 labantem
750 2638 974 2699 valetudinem
1003 2643 1036 2700 et
1059 2640 1252 2714 languorem
1277 2639 1427 2715 prodens.
1450 2639 1492 2699 Et
1512 2638 1546 2698 id

324 2751 450 2824 quidem
482 2753 707 2814 certissimum
739 2755 824 2827 erat,
849 2767 912 2813 non
937 2752 977 2812 ab
1001 2753 1143 2814 Eurotae
1167 2754 1248 2830 ripis
1270 2755 1448 2814 venturum
1474 2767 1548 2812 esse

323 2865 404 2936 quod
434 2867 552 2926 ceteris
583 2865 737 2938 gentibus
767 2864 900 2926 Graecis
926 2871 1032 2927 novas
1054 2867 1127 2927 vias
1150 2866 1342 2928 ineuntibus
1364 2868 1546 2944 prodesset.

325 2977 395 3038 Una
424 2979 676 3042 Atheniensium
708 2979 826 3039 civitas
849 2977 1077 3054 habebatque
1102 2980 1211 3040 hostis
1233 2981 1421 3042 communis
1444 2980 1548 3042 arceri

325 3093 431 3166 posset
453 3095 487 3153 et
508 3093 612 3153 maris
635 3092 820 3153 dominium
845 3092 978 3154 Graecis
1002 3093 1172 3155 vindicari.

363 3205 425 3266 Sed
454 3206 710 3268 Atheniensium
742 3207 861 3267 civitas
884 3208 1072 3282 quaenam?
1094 3223 1174 3268 nam
1197 3208 1282 3270 duae
1304 3208 1345 3269 ad
1368 3209 1545 3270 minimum

323 3321 426 3394 erant,
446 3321 556 3396 prisca
576 3323 609 3382 et
629 3335 754 3381 recens.
776 3318 895 3395 Quinto
915 3323 993 3382 aute
1012 3319 1180 3382 christum
1192 3321 1385 3384 saeculoslc
1397 3325 1547 3383 mutatae

322 3439 398 3493 sunt
419 3433 570 3494 Athenae
594 3436 631 3494 ut
649 3447 749 3494 eruca
769 3448 843 3493 cum
864 3431 900 3494 ht
919 3433 1048 3509 papilio.
1068 3434 1251 3494 Terrenum
1269 3435 1446 3511 imperium
1466 3433 1548 3495 abiit

321 3547 352 3605 in
372 3549 594 3622 maritimum,
614 3548 649 3608 et
666 3546 946 3620 quemadmodum
967 3548 1092 3624 larvae,
1112 3548 1191 3607 dum
1212 3549 1362 3608 mutatur
1376 3548 1411 3609 in
1423 3547 1547 3609 animal

320 3661 478 3738 adultum,
499 3662 550 3722 cui
570 3661 659 3722 eliud
680 3661 818 3735 posthac
837 3662 977 3721 naturae
998 3660 1203 3722 elementum
1226 3660 1445 3722 habitandum
1468 3662 1545 3736 crit,

321 3777 410 3836 artus
439 3781 472 3838 et
501 3776 662 3836 intestina
692 3774 757 3834 alia
781 3773 987 3848 decrescunt,
1020 3773 1192 3835 3113111113
1221 3779 1420 3851 augescunt,
1445 3776 1550 3836 31331

320 3889 461 3950 civitatis
480 3887 737 3950 Atheniensium
757 3888 868 3962 partes
882 3888 1044 3962 quaedam
1056 3903 1262 3949 marcescere
1275 3889 1342 3949 iam
1356 3891 1546 3965 coeperunt,

322 4002 436 4075 quibus
466 4006 554 4078 tum,
580 4017 654 4062 cum
680 4002 713 4061 in
745 4003 836 4062 terra
865 3999 963 4062 firma
988 4003 1099 4062 omnis
1129 4017 1206 4077 spes
1236 4005 1322 4078 erat,
1354 4002 1449 4062 salva
1481 4003 1549 4062 vita

321 4130 429 4177 carere
462 4132 527 4178 non
563 4115 740 4190 potuisset,
776 4115 861 4176 aliae
892 4116 925 4175 in
956 4130 992 4176 se
1023 4116 1165 4191 receptis
1194 4116 1329 4178 illarum
1361 4115 1476 4176 officiis
1511 4119 1549 4175 ut

321 4231 363 4290 131
394 4231 545 4305 publicae
580 4245 698 4305 corpus
728 4229 848 4290 nutriri
881 4232 980 4303 atque
1011 4231 1140 4290 moveri
1175 4233 1208 4290 et
1238 4229 1342 4290 tutari
1372 4244 1409 4289 se
1436 4231 1548 4305 posset

321 4343 504 4406 effecerunt.
536 4343 722 4418 Spartiatae
752 4345 781 4404 si
811 4361 850 4406 ea
881 4343 1017 4404 vesania
1040 4345 1184 4418 correpti
1206 4343 1351 4404 fuissent
1372 4343 1549 4417 aliquando

320 4461 354 4517 ut
385 4459 546 4534 perloeois
576 4461 674 4532 atque
705 4457 828 4519 helotis
859 4458 986 4520 cunctis
1013 4457 1244 4518 ministrarent
1266 4456 1335 4517 tela
1358 4457 1399 4518 ad
1422 4457 1550 4531 propul-

319 4571 439 4630 sandos
469 4573 599 4648 hostes,
630 4572 781 4646 proximo
813 4572 864 4633 die
892 4587 911 4632 3
935 4571 1031 4632 novis
1055 4569 1217 4631 militibus
1239 4570 1281 4630 ad
1304 4585 1408 4632 unum
1432 4585 1549 4630 omnes

320 4683 457 4746 luissent
473 4685 677 4747 obtruncati:
698 4686 801 4746 Attici
815 4701 893 4747 vero
912 4684 1024 4762 populi
1041 4687 1152 4759 partes
1171 4683 1261 4760 illae,
1281 4698 1365 4758 quae
1382 4684 1462 4744 olim
1475 4686 1551 4759 post

320 4797 493 4860 nobiliores
522 4802 556 4860 et
584 4798 721 4860 ditiores
745 4798 911 4860 latuerant
934 4801 967 4858 et
991 4797 1024 4857 in
1047 4796 1313 4872 expeditionibus
1336 4797 1553 4858 terrestribus

320 4913 430 4988 exigui
449 4913 579 4975 fuerant
597 4913 773 4989 momenti,
795 4912 996 4974 utilissimas
1015 4927 1050 4972 se
1069 4911 1309 4987 praestiterunt
1328 4911 1362 4971 in
1381 4910 1552 4970 maritimo

322 5021 405 5087 ballo
429 5027 570 5102 gerendo
592 5029 627 5088 et
648 5029 774 5087 novam
792 5026 869 5087 inde
893 5025 1091 5101 dignitatem
1116 5023 1318 5085 rettulerunt
1341 5024 1488 5085 domum.
