4375 6284
751 998 793 1042 011
816 997 924 1044 raxru
946 996 1098 1043 11111110.
1471 985 1534 1045 321

310 1180 425 1232 autem
458 1171 696 1233 animalculum
726 1169 897 1247 φάττιον
921 1169 1086 1232 scribebat
1108 1170 1261 1247 Bentley,
1287 1204 1328 1214 —
1352 1172 1403 1233 sio
1424 1175 1538 1235 tamen

213 1295 214 1308 ¹
309 1285 406 1361 plura
432 1287 531 1346 metri
555 1300 657 1347 cansa
680 1286 841 1347 mutanda
862 1287 958 1347 erant
973 1280 1007 1361 ¹),
1031 1317 1074 1326 -
1097 1284 1248 1364 φάβιον
1271 1287 1429 1363 Mainake,
1453 1288 1539 1362 quod

311 1413 429 1460 rerum
460 1399 601 1462 videtur.
633 1401 746 1477 Apage
776 1399 877 1475 igitur
907 1399 1056 1476 spinulas
1084 1398 1161 1460 illas
1187 1402 1222 1462 et
1243 1400 1364 1463 molles
1387 1401 1540 1463 homines

310 1516 488 1588 ceteraque
510 1514 720 1578 librariorum
744 1514 797 1575 vel
821 1515 1040 1590 interpretum
1063 1515 1212 1575 somnia:
1237 1517 1334 1592 posta
1356 1515 1509 1577 dederat:

557 1627 773 1707 νηττάριον
796 1623 834 1686 ἂν
857 1624 908 1685 καὶ
931 1626 1083 1704 φάβιον
1106 1623 1310 1704 ὑπεκορίζετο,

309 1741 509 1802 eumaeum
530 1757 625 1802 auom
648 1746 674 1802 el
697 1741 911 1803 columbatum
932 1755 1041 1800 vosoro
1065 1756 1115 1801 me
1140 1741 1263 1806 solebat.

462 1997 515 2073 15)
535 1997 590 2058 De
610 1997 961 2072 interpretamentis
981 1997 1022 2058 ln
1042 1999 1193 2058 textum
1214 1998 1388 2073 rsaeptia.

356 2181 518 2242 Venimus
549 2183 590 2244 ad
612 2183 896 2258 interpretamento.
929 2181 1016 2258 Quae
1047 2181 1081 2242 in
1113 2181 1310 2257 scriptorum
1337 2182 1539 2258 pedestrium

311 2309 412 2370 opera
443 2297 568 2370 passim
598 2297 774 2372 irrepsisse
805 2297 916 2357 notior
946 2296 998 2356 est
1029 2309 1083 2355 res
1106 2309 1204 2368 quam
1230 2310 1313 2369 quae
1336 2294 1390 2357 bio
1412 2296 1542 2359 demon·

311 2411 450 2472 stratur.
481 2411 566 2471 Nam
597 2411 734 2471 vocibus
766 2409 961 2486 rarioribus,
993 2407 1219 2470 locutionibus
1248 2411 1361 2471 minus
1383 2411 1544 2489 vulgatis,

312 2525 503 2587 nominibus
531 2526 672 2602 propriis
695 2525 820 2602 passim
845 2525 959 2600 verba,
985 2525 1105 2599 quibus
1132 2525 1287 2601 magistri
1310 2525 1481 2602 discipulis
1503 2541 1543 2588 ea

313 2638 538 2716 explicabant,
571 2640 794 2715 superscripta
824 2642 913 2714 ease,
946 2653 1026 2700 mox
1048 2639 1081 2699 in
1107 2640 1215 2715 ipsum
1240 2641 1372 2700 textum
1395 2642 1542 2717 recepta,

313 2767 411 2814 nerno
442 2756 560 2816 nescit.
591 2754 686 2830 Apud
716 2757 832 2830 poetas
857 2753 1036 2827 quominus
1059 2753 1162 2814 libere
1185 2753 1266 2815 baec
1288 2754 1394 2829 pestis
1414 2769 1541 2829 grassa·

313 2872 404 2931 retur
436 2867 590 2930 obstabat
619 2872 787 2942 metrum;
818 2882 1018 2942 quamquam
1050 2882 1092 2929 ne
1125 2869 1155 2929 is
1184 2868 1318 2942 quidem
1341 2869 1424 2930 liber
1445 2870 1542 2945 longe

313 2985 581 3066 antiquissimus,
600 2983 634 3044 in
657 2998 721 3057 quo
744 2982 910 3045 'l'lmotbei
933 2981 1108 3042 Persarum
1127 2982 1249 3057 legitur
1270 2999 1348 3059 pars
1370 2984 1542 3059 posterior,

314 3098 476 3160 eiusmodi
506 3097 599 3158 vitiis
629 3099 739 3173 vacat,
771 3098 871 3158 babet
904 3096 1011 3157 enim:
1049 3091 1169 3173 Πέρσης
1203 3095 1327 3175 στρατὸς
1363 3096 1539 3175 [βάρβαρος]
1618 3147 1622 3152 ,

314 3209 500 3289 ἐπισπέρχων
523 3216 584 3281 (vs.
608 3211 673 3280 98).
697 3209 890 3271 Cuiusmodi
915 3223 1043 3270 errores
1065 3210 1095 3270 si
1119 3225 1218 3284 quem
1241 3210 1350 3272 locum
1375 3211 1539 3286 poeticum

314 3327 521 3400 invaserunt,
552 3324 661 3386 multo
688 3324 796 3399 magis
818 3323 889 3384 illio
911 3325 992 3387 sunt
1013 3324 1187 3387 metuendi
1210 3340 1309 3399 quam
1334 3325 1366 3385 in
1391 3322 1543 3400 operibus

315 3453 396 3514 quae
419 3452 519 3516 prosa
542 3437 692 3499 oratione
715 3439 795 3499 sunt
823 3440 993 3515 concepta.

360 3553 441 3614 llam
476 3564 551 3612 raro
584 3547 623 3611 lit
656 3554 694 3610 ut
728 3551 819 3611 omni
853 3565 932 3611 cura
966 3565 1180 3613 numerorum
1212 3552 1381 3627 ipsiusque
1411 3551 1541 3611 numeri

317 3666 516 3740 syllabarum
549 3662 677 3725 abiecta
706 3663 860 3726 librarius
881 3665 992 3726 medio
1015 3666 1128 3726 versui
1152 3665 1322 3740 glossema
1344 3668 1414 3725 tam
1439 3665 1531 3740 impu

318 3780 427 3841 denter
448 3779 574 3841 inserat
597 3793 697 3853 quam
719 3779 753 3839 in
777 3778 806 3836 V
828 3778 954 3840 lactum
978 3781 1031 3840 011
1053 3778 1136 3840 Ran.
1162 3781 1246 3840 625:

445 3890 487 3970 μὴ
511 3885 572 3970 δῆτ’
598 3884 690 3970 ἔμοιγ’
714 3889 820 3962 οὕτως·
847 3887 951 3963 [ἄνευ
975 3894 1100 3968 τιμῆς]
1125 3885 1264 3968 βασάνιζ’
1291 3888 1467 3969 ἀπαγαγών.

319 4005 379 4066 Ubi
400 4009 530 4068 sincera
554 4039 594 4049 -
618 4019 720 4080 quam
743 4002 878 4080 praebet
900 4005 929 4065 R
955 4038 995 4048 -
1019 4005 1102 4066 11100
1126 4009 1178 4066 011
1200 4005 1317 4065 lectio:

446 4117 489 4198 μὴ
513 4113 574 4196 δῆτ’
599 4111 701 4197 ἔμοιγ’·
726 4115 804 4177 οὕτω
828 4113 861 4176 tl
883 4111 1024 4196 βασάνιζ’
1051 4114 1226 4198 ἀπαγαγών.
1313 4160 1369 4207 ,m

321 4231 464 4295 Habebat
487 4233 589 4309 igitur
613 4230 736 4295 codicis
755 4229 782 4290 V
806 4233 902 4308 pater
925 4230 977 4292 vel
1000 4245 1085 4292 avus
1109 4233 1290 4292 atavusve:
1311 4229 1390 4291 οὕτω
1410 4227 1453 4292 δὲ.
1475 4226 1538 4306 Sic,

321 4345 342 4405 i.
363 4362 389 4408 s.
410 4348 496 4408 nullo
514 4346 615 4422 pretio
632 4345 799 4421 persoluto.

364 4457 473 4521 Simile
509 4458 666 4520 mendum
701 4459 736 4518 in
769 4456 797 4517 R
827 4459 880 4516 est
910 4456 984 4517 Pac.
1014 4457 1089 4532 275,
1122 4457 1177 4518 ubi
1201 4457 1435 4532 colloquuntur
1458 4457 1541 4518 Belli

322 4569 397 4632 dous
418 4575 451 4634 01
475 4573 547 4634 eius
570 4569 734 4633 famulus:

714 4681 827 4744 οὐκοῦν
843 4729 849 4742 .
863 4729 869 4742 .
883 4729 889 4741 .
903 4680 983 4761 μέτει

1402 4167 1470 4219 τιμῆς

404 4794 517 4870 ἇνύσας
540 4820 583 4866 τις
606 4830 648 4841 -
675 4800 811 4876 [χωρῶ]
836 4791 916 4857 ταῦτ’
942 4789 965 4857 ὦ
990 4791 1125 4857 δέσποθ’.
1151 4831 1191 4839 -
1216 4787 1270 4874 ἧκέ
1292 4819 1351 4856 νυν
1374 4799 1458 4876 ταχύ.

328 4959 532 4973 ⁸¹*

358 5061 376 5126 ¹)
391 5069 428 5117 (il.
444 5084 503 5132 pag.
521 5071 581 5127 2⁰6,
598 5071 622 5116 8.

375 5155 417 5200 ΔΙ.
