4375 6284
706 1925 739 2004 Ι.
771 1929 838 2006 De
868 1935 1011 2025 poeta
1040 1948 1206 2026 puero.

857 2244 1059 2251 ———.

947 2492 971 2551 I.

379 2709 542 2782 Regnum
580 2705 757 2765 Persarum
788 2720 808 2764 a
837 2703 921 2778 cyro
951 2705 1121 2766 conditum
1157 2706 1267 2782 polypi
1300 2709 1407 2769 instar
1437 2708 1572 2770 brachia

340 2820 469 2895 longius
501 2833 640 2894 semper
669 2818 897 2893 protendentia
926 2821 1078 2895 regiones
1109 2822 1194 2882 mari
1222 2822 1462 2884 mediterraneo
1485 2824 1570 2885 adia-

348 2936 458 2994 centes
487 2933 679 3010 appetebat.
710 2933 887 2994 Phoenicia
917 2935 951 2995 et
980 2935 1166 3011 Aegyptus,
1199 2935 1280 2995 Asia
1298 2938 1331 2997 et
1362 2937 1572 3014 Archipelagi

346 3046 461 3107 littora
490 3045 781 3122 septentrionalia,
817 3061 922 3107 novae
957 3062 1089 3123 semper
1123 3048 1275 3123 regiones
1312 3050 1573 3125 corripiebantur

342 3177 405 3223 nec
438 3163 664 3224 mittebantur
694 3164 871 3237 correptae.
907 3164 935 3223 A
973 3163 1093 3238 praeda
1127 3163 1299 3224 resistenti
1337 3164 1414 3226 elidi
1447 3164 1572 3239 aliquot

343 3276 520 3338 acetabula
557 3275 610 3337 vel
650 3277 751 3337 etiam
791 3276 959 3351 flagellum
998 3291 1102 3337 unum
1137 3279 1172 3338 et
1206 3277 1349 3339 alterum
1380 3278 1479 3340 avelli
1515 3280 1573 3338 vix

343 3390 514 3451 sentiebat
541 3393 731 3451 monstrum
761 3391 888 3466 ingenti
916 3391 1033 3452 robore
1063 3393 1202 3467 turgens
1232 3395 1267 3453 et
1300 3407 1407 3453 novas
1440 3407 1573 3469 semper

344 3505 437 3565 vires
460 3519 504 3564 ex
526 3504 602 3565 alvo
628 3504 741 3579 capaci
764 3505 921 3565 emittens
945 3505 978 3564 in
1002 3506 1150 3582 corporis
1173 3507 1335 3568 extrema.

392 3617 606 3694 carthaginis
638 3619 788 3693 potestas
821 3617 899 3678 dum
934 3618 1104 3678 crescebat
1137 3632 1194 3694 per
1231 3633 1307 3679 oras
1338 3619 1571 3697 occidentales,

344 3732 528 3794 orientales
546 3733 580 3794 in
598 3732 762 3794 dicionem
780 3746 877 3793 suam
895 3731 1089 3807 redigebant
1108 3731 1243 3809 Persae,
1266 3765 1306 3775 —
1325 3733 1428 3794 donec
1444 3732 1575 3795 obstitit

347 3845 497 3908 Graecia.
529 3845 579 3906 Ad
609 3846 837 3907 Marathonem
868 3844 956 3906 Darii
987 3846 1098 3921 copiae
1122 3845 1339 3921 profligarunt
1362 3846 1452 3908 cives
1474 3849 1573 3908 Athe-

350 3959 500 4020 nienses:
534 3976 649 4022 arcum
679 3960 725 4020 ibi
753 3959 834 4021 vicit
864 3960 978 4032 hasta;
1009 3974 1074 4020 non
1107 3960 1195 4021 enim
1223 3963 1295 4021 erat
1317 3962 1351 4021 in
1374 3961 1456 4022 tatis
1479 3964 1517 4022 ut
1539 3963 1573 4022 in

347 4073 466 4134 Attica
493 4075 719 4135 dominaretur
749 4074 887 4149 Hippias
916 4073 986 4148 regi
1016 4073 1156 4134 barbaro
1186 4073 1341 4135 subditus
1363 4074 1510 4150 regulus.
1533 4074 1575 4135 Et

346 4187 507 4249 decennio
540 4191 629 4264 post,
666 4201 741 4248 cum
775 4187 907 4248 Xerxes
937 4201 997 4247 rex
1028 4187 1159 4247 iuvenis
1192 4187 1381 4261 gloriaeque
1415 4191 1575 4265 appetens

348 4301 507 4361 insanam
538 4301 711 4363 hominum
740 4300 991 4361 multitudinem
1022 4300 1138 4361 effudit
1170 4301 1205 4360 in
1235 4300 1435 4362 Graecorum
1468 4305 1576 4365 terras

347 4417 389 4474 ut
411 4415 626 4478 contunderet
650 4429 763 4476 eorum
791 4415 1046 4490 impudentiam,
1071 4417 1105 4475 et
1126 4414 1223 4475 sinus
1244 4414 1387 4478 Graecos
1413 4416 1575 4478 classibus

345 4527 423 4590 suis
451 4527 589 4605 obtexit,
618 4543 659 4590 ne
682 4531 755 4590 tum
779 4528 911 4603 quidem
936 4529 1072 4590 obrutae
1095 4529 1311 4590 conciderunt
1334 4530 1489 4592 civitates
1511 4532 1574 4592 loe·

345 4643 498 4718 deratae,
523 4657 663 4716 quarum
687 4643 851 4703 rationem
875 4657 934 4702 rex
956 4641 1119 4716 superbus
1143 4643 1255 4704 eiusve
1275 4621 1375 4704 duces
1395 4645 1451 4705 vix
1470 4644 1573 4706 ullam

345 4756 549 4832 habuerant,
574 4756 633 4817 sed
655 4758 788 4817 strenue
812 4757 1026 4832 repugnando
1049 4757 1138 4817 vires
1161 4757 1309 4818 hostium
1332 4757 1510 4832 fregerunt.

393 4870 482 4932 Fieri
514 4885 613 4946 posse
642 4870 728 4944 quod
759 4870 816 4930 vix
846 4871 1022 4945 quisquam
1052 4871 1250 4948 crediderat,
1281 4872 1407 4932 lactum
1431 4871 1463 4932 id
1488 4877 1574 4934 erat:

342 4985 576 5050 Themistocle
616 4984 750 5046 iubente
790 4984 951 5045 orientem
987 4999 1104 5046 versus
1137 4987 1322 5047 recesserat
1359 4985 1420 5047 eol.
1460 4986 1576 5048 Stabat

432 5093 482 5136 Ar..
1458 5091 1470 5134 1
