4375 6284
733 1001 813 1045 11111
836 1001 875 1046 ar
898 1001 1066 1047 11111111.
1466 991 1506 1048 97

306 1178 333 1234 11
358 1175 479 1250 species
508 1175 607 1248 longo
636 1190 697 1235 usu
725 1177 927 1236 consecrata.
952 1177 988 1237 In
1012 1177 1164 1252 operibus
1187 1177 1398 1239 elaborandis
1421 1178 1513 1239 duris

304 1288 482 1360 quibusdam
506 1288 647 1348 vinculis
669 1289 896 1364 praepeditum
919 1305 956 1350 se
980 1291 1161 1365 sentiebat,
1195 1293 1228 1351 vi
1253 1295 1367 1353 tamen
1392 1293 1515 1367 ingenii

303 1418 359 1463 non
379 1405 508 1463 tautum
531 1403 649 1463 valens
671 1404 709 1463 ut
731 1403 872 1464 vinculis
894 1402 962 1464 illis
984 1405 1145 1481 disruptis
1169 1408 1304 1469 strenuo
1328 1407 1452 1482 impetu
1478 1422 1516 1468 eo

303 1517 437 1578 tenderet
459 1532 522 1592 quo
545 1532 643 1578 musa
666 1520 813 1594 vocaret,
837 1533 944 1580 novae
963 1520 1047 1580 artis
1065 1522 1181 1581 auctor
1200 1521 1344 1582 futurus.
1365 1523 1513 1597 Ageban-

302 1634 348 1691 tur
378 1631 447 1691 eius
479 1631 631 1692 dramata
652 1631 687 1691 in
717 1633 847 1693 theatro
878 1635 929 1693 tot
959 1634 1098 1694 heroum
1130 1634 1405 1710 heroicarumque
1436 1636 1515 1697 latis

303 1744 427 1823 incluto,
468 1746 528 1807 sed
568 1745 735 1821 homines,
778 1761 843 1807 non
879 1748 1133 1809 commenticios
1175 1749 1302 1822 aliquos
1335 1750 1513 1827 semideos,

302 1858 463 1920 ostendere
493 1857 626 1920 volebat
653 1859 722 1936 ille,
748 1893 788 1904 -
812 1860 980 1939 homines,
1012 1862 1068 1937 qui
1091 1862 1240 1924 humana
1262 1866 1300 1924 ut
1322 1864 1393 1939 ipse
1416 1867 1514 1926 senti·

301 1975 378 2045 rent,
412 1974 609 2050 cogitarent,
645 1978 830 2051 sperarent,
868 1977 924 2049 qui
958 1976 1106 2037 humana
1140 1980 1277 2052 agerent
1306 1979 1340 2038 et
1369 1977 1515 2039 humana

301 2089 488 2159 paterentur.
527 2087 715 2149 Mortalium
749 2089 854 2150 vitam
900 2090 994 2151 unice
1029 2091 1181 2166 curabat,
1217 2092 1369 2152 veritatis
1406 2093 1514 2168 magis

299 2215 388 2272 quam
409 2201 582 2278 dignitatis
604 2203 843 2278 gravitatisque
863 2205 1013 2265 scenicae
1033 2208 1206 2280 appetens,
1228 2207 1329 2279 utque
1342 2206 1514 2267 audientes

299 2315 419 2388 penitus
452 2319 678 2378 commoveret
711 2332 844 2378 omnem
875 2318 959 2378 dans
989 2332 1142 2393 operam;
1175 2319 1233 2379 sed
1260 2319 1294 2379 in
1320 2319 1512 2381 violentiam

298 2428 517 2491 inconcinnam
549 2445 648 2506 saepe
678 2429 790 2492 abibat
815 2445 992 2492 nervorum
1022 2431 1126 2492 nimia
1156 2433 1297 2494 intentio
1328 2435 1362 2493 et
1390 2436 1513 2508 specta·

299 2545 397 2603 torum
431 2545 561 2605 animos
594 2543 704 2604 subito
737 2544 864 2620 impetu
897 2544 1098 2620 percellebat
1130 2545 1262 2606 iacilius
1291 2561 1391 2620 quam
1425 2547 1512 2607 dulci

297 2654 504 2718 admiratione
538 2660 744 2733 pertentatos
780 2658 952 2720 detineret.
990 2659 1112 2719 Parum
1152 2659 1322 2733 aequabile
1360 2659 1512 2720 videlicet

295 2766 466 2846 in'ingenii
488 2771 561 2831 aius
582 2771 756 2849 operibus,
787 2773 825 2832 ui
848 2773 881 2832 in
904 2773 976 2847 ipso
1000 2772 1146 2848 ingenio,
1172 2775 1243 2832 erat
1266 2773 1387 2833 virium
1412 2775 1511 2847 atque

294 2883 473 2945 studiorum
495 2885 811 2960 temperamentum.

332 2997 479 3059 liorosns
502 2998 557 3059 hic
579 3001 675 3073 poeta
696 3014 796 3073 quam
827 2999 984 3060 ridiculus
1007 2999 1101 3060 visus
1125 3003 1175 3061 est
1198 3000 1428 3076 Aristophanil
1454 3000 1511 3062 (lui

292 3108 456 3187 Euripides
489 3112 565 3173 inde
599 3127 620 3172 a
653 3126 753 3186 puero
787 3112 960 3173 vellicandi
995 3113 1094 3186 atque
1128 3112 1313 3174 lacessendi
1342 3114 1510 3175 libidinem

291 3223 365 3284 11111
395 3225 559 3287 eiusmodi
588 3225 696 3299 qualis
726 3240 801 3287 esse
830 3225 917 3287 solet
940 3226 1134 3288 animalium
1158 3227 1336 3289 liberorum
1360 3231 1394 3289 et
1417 3229 1511 3291 robu-

289 3341 413 3399 storum
443 3337 549 3400 sodali
578 3341 714 3413 aegroto
744 3338 795 3399 vel
827 3338 929 3414 ligato
961 3342 1216 3404 occurrentium.
1248 3342 1352 3419 Quam
1380 3343 1510 3419 ineptae

289 3451 317 3510 ei
337 3452 535 3514 videbantur
564 3452 604 3513 11
627 3451 725 3512 rebus
754 3452 952 3514 sublimibus
979 3456 1012 3514 et
1034 3456 1247 3516 terrestribus
1270 3456 1511 3532 disputationes

287 3563 372 3640 illae,
408 3568 445 3628 et
479 3568 601 3641 quanto
632 3567 736 3626 etiam
765 3568 946 3628 deteriores
974 3569 1009 3628 in
1039 3569 1171 3631 theatro
1195 3570 1329 3632 auditae
1352 3586 1451 3646 quam
1476 3573 1509 3632 11
1551 3604 1553 3610 ¹

287 3680 511 3754 sophistarum
542 3680 744 3742 umbraculis
773 3681 826 3742 vel
855 3682 895 3742 ad
926 3682 1072 3744 iudicum
1100 3684 1288 3745 tribunalia.
1314 3683 1418 3760 Quam
1442 3685 1510 3746 vul·

286 3807 377 3866 geres
411 3798 527 3856 autem
562 3797 597 3855 et
626 3809 702 3855 vere
731 3795 845 3855 rustici
876 3809 985 3857 mores
1016 3797 1142 3871 tragica
1169 3797 1303 3880 pulpita,
1321 3799 1512 3860 invaserant

285 3905 350 3984 illa,
385 3924 474 3986 quae
503 3908 652 3969 tulerant
680 3910 966 3984 Agamemnonem
997 3913 1095 3984 atque
1119 3912 1297 3989 Achillem,
1322 3913 1509 3989 Apollinem

285 4023 377 4094 atque
408 4023 666 4085 Prometheum!
698 4024 863 4100 Telephus
891 4025 959 4085 lam
984 4024 1189 4086 claudicabat
1212 4026 1258 4086 ibi
1281 4026 1395 4088 habitu
1419 4043 1509 4089 men·

284 4133 364 4213 dico,
397 4137 609 4209 claudicabat
637 4138 757 4214 pannis
784 4138 913 4199 obsitus
934 4139 1150 4215 Philoctetes,
1179 4140 1385 4202 claudicabat
1407 4141 1508 4202 Belle·

283 4251 402 4325 rophon
434 4251 640 4326 sordidatus,
667 4250 702 4311 in
725 4251 816 4312 tenui
837 4253 1018 4326 attritoque
1041 4252 1175 4328 palliolo
1198 4254 1322 4328 frigora
1344 4254 1509 4316 brumalia

283 4364 467 4435 perferebat
497 4365 675 4439 Alcmeon;
707 4367 850 4444 Oeneus,
875 4368 1039 4445 Phoenix,
1056 4341 1242 4446 'Thyestea
1267 4370 1341 4446 Ino,
1366 4371 1508 4432 aliorum

282 4474 452 4542 hominum
477 4494 659 4555 pauperum
680 4483 714 4541 et
732 4481 944 4555 querulorum
964 4483 1066 4544 densa
1085 4486 1220 4545 1111111
1232 4497 1289 4559 per
1301 4485 1510 4559 proscenium

282 4589 493 4670 Euripideum
525 4594 729 4655 versabatur.
761 4595 814 4656 Sic
843 4595 970 4657 scilicet
999 4597 1151 4658 facilibus
1180 4613 1298 4659 musae
1323 4598 1511 4661 humilioris

282 4706 426 4770 artificiis
451 4707 620 4769 molestus
642 4707 697 4769 ille
720 4709 820 4771 homo
843 4709 1001 4770 lacrimas
1023 4711 1143 4786 popelli
1166 4711 1384 4774 sollicitabatl

319 4823 356 4884 Iu
385 4822 665 4886 Acharnensibus
694 4827 808 4885 autem
838 4823 950 4884 tabula
980 4825 1221 4901 Aristophanes
1252 4827 1378 4902 pridem
1409 4829 1511 4893 libere

281 4937 463 5002 indulserat
486 4938 598 4999 studio
622 4938 787 5013 tragicum
809 4938 978 4999 irridendi.
1002 4939 1087 5000 Nam
1111 4941 1224 5001 Iustus
1248 4941 1304 5003 ille
1328 4943 1411 5005 11111
1434 4960 1510 5006 cum

283 5054 443 5126 protessus
477 5055 572 5115 esset
599 5067 636 5113 se
666 5051 820 5126 agricolis
846 5052 1011 5114 bellicosis
1033 5057 1297 5130 argumentando
1322 5060 1510 5135 comproba·

351 5163 400 5207 aa
1388 5167 1402 5208 1
