4375 6284
630 972 672 1029 92
1148 987 1189 1030 na
1212 987 1337 1032 ronnas

674 1155 764 1216 Satis
779 1154 834 1215 diu
852 1156 921 1215 iam
941 1153 1057 1217 Graeci
1076 1155 1165 1216 inter
1184 1171 1220 1217 se
1241 1157 1320 1218 sunt
1337 1156 1522 1234 digladiati,
1543 1171 1602 1217 nec
1622 1155 1686 1215 nisi
1704 1151 1845 1214 barbaris

630 1267 745 1328 aalide
768 1266 1022 1343 expectantibus
1045 1266 1168 1328 bellum
1192 1268 1314 1344 proluit
1340 1270 1548 1342 diuturnum,
1572 1283 1642 1331 rem
1665 1267 1846 1344 gerentibus

629 1395 723 1441 mera
757 1379 845 1441 mala
879 1381 968 1443 tulit.
991 1380 1075 1441 Rem
1109 1382 1302 1457 gerentibus
1331 1417 1373 1426 -
1405 1385 1439 1444 et
1473 1383 1591 1444 horum
1626 1379 1846 1444 familiaribus.

630 1493 820 1555 Mulieribus
854 1496 957 1569 erepti
992 1497 1073 1556 sunt
1105 1495 1216 1556 mariti
1248 1499 1281 1556 et
1312 1495 1433 1557 fratrae
1464 1494 1592 1574 attilii,
1623 1500 1656 1558 et
1678 1496 1846 1557 tacendum

630 1617 701 1670 erat
735 1623 811 1669 oum
846 1608 1081 1684 eripiebantur.
1118 1609 1151 1669 Si
1184 1624 1260 1669 vero
1291 1613 1402 1671 tacere
1433 1626 1497 1672 non
1527 1612 1593 1672 iam
1617 1611 1742 1672 sineret
1765 1609 1848 1670 dolor

629 1725 688 1782 aut
716 1721 914 1796 indignatio,
946 1721 1091 1783 dicteriis
1122 1724 1193 1782 tam
1224 1723 1314 1782 notis
1343 1737 1443 1796 quam
1473 1723 1564 1784 duris
1588 1722 1849 1797 castigabantur;

630 1849 735 1908 neque
768 1835 858 1894 euim
893 1833 933 1895 de
963 1834 1158 1895 mulieribus
1188 1849 1293 1908 neque
1324 1835 1364 1896 ab
1396 1837 1437 1896 iis
1467 1837 1566 1897 verba
1595 1833 1666 1896 fleri
1696 1849 1772 1896 mos
1794 1837 1848 1894 est.

630 1947 712 2024 Quid
746 1951 857 2007 autem
890 1950 1081 2020 quereretur
1111 1950 1229 2022 mater,
1259 1951 1288 2008 si
1317 1948 1542 2009 adimerentur
1571 1949 1679 2025 liberi,
1711 1949 1850 2022 quinon

629 2059 734 2135 ipsius
756 2064 869 2121 essent
891 2060 949 2121 sed
972 2060 1103 2135 patris?
1124 2060 1237 2136 Ipsum
1262 2060 1450 2137 Apollinem
1475 2062 1508 2122 in
1532 2062 1682 2123 dramate
1699 2058 1851 2134 Aeschyli

629 2172 786 2248 gravibus
808 2173 919 2234 verbis
941 2175 1121 2235 testatum:

832 2287 923 2363 „Non
946 2289 998 2347 est
1020 2301 1140 2362 parens
1163 2302 1246 2360 quae
1269 2291 1376 2349 mater
1399 2287 1513 2350 audire
1535 2287 1676 2363 assolet,

832 2401 913 2478 ,Sed
938 2401 1028 2461 alma
1051 2401 1164 2462 nutrix
1191 2402 1353 2475 germinis
1376 2401 1575 2475 concrediti;

832 2513 897 2590 ,Ut
919 2513 1083 2590 hospitale
1106 2515 1225 2591 pignus
1249 2517 1329 2576 haec
1352 2516 1477 2592 prolem
1500 2515 1605 2592 fovet,

832 2628 932 2705 „Dein
955 2627 1076 2700 reddit;
1100 2631 1135 2688 at
1156 2628 1212 2702 qui
1235 2632 1384 2704 generat,
1409 2643 1495 2691 unus
1517 2629 1546 2688 is
1569 2629 1721 2704 parens.'’

675 2744 718 2803 At
752 2741 827 2803 linis
856 2743 923 2802 iam
958 2743 1011 2802 est
1039 2742 1204 2816 patienter
1241 2745 1275 2802 et
1311 2740 1479 2804 submisse
1510 2741 1718 2818 expectandi.
1749 2741 1858 2816 ,Nulli

630 2858 732 2918 etiam
755 2856 895 2916 Athenis
918 2857 998 2916 sunt
1020 2855 1124 2916 viri!”
1147 2855 1310 2917 clamatur
1333 2871 1391 2931 per
1414 2855 1547 2932 urbem,
1572 2855 1644 2916 sive
1667 2856 1707 2916 de
1729 2857 1858 2930 patriae
1961 2845 1962 2882 i

629 2971 738 3032 salute
772 2969 1019 3044 desperantium
1055 2983 1095 3029 ea
1125 2971 1177 3030 est
1208 2985 1287 3044 vox,
1319 2969 1392 3029 sive
1423 2969 1618 3030 contemtim
1649 2969 1682 3029 in
1710 2970 1858 3045 partium

629 3084 775 3146 civilium
808 3080 1042 3143 controversiis
1072 3082 1281 3142 adversarios
1311 3082 1558 3143 lacessentium.
1593 3081 1740 3158 „Desunt
1763 3081 1861 3142 viri”.

629 3200 673 3259 At
712 3199 792 3258 sunt
829 3195 1001 3270 mulieres,
1040 3196 1074 3256 et
1113 3196 1243 3271 propria
1282 3195 1335 3256 his
1373 3211 1468 3257 arma
1505 3195 1623 3270 quibus
1657 3193 1861 3256 confiderent

630 3310 718 3371 dedit
747 3324 833 3383 quae
862 3307 1013 3369 leonibus
1043 3322 1186 3384 ungues,
1218 3323 1301 3381 quae
1331 3323 1454 3370 cornua
1485 3308 1591 3368 tauris
1614 3308 1704 3368 dedit
1725 3311 1863 3368 natura.

629 3423 691 3484 His
724 3422 828 3483 armis
861 3423 929 3482 iam
961 3434 1081 3481 usurae
1113 3422 1194 3482 sunt
1224 3422 1262 3480 ut
1291 3419 1377 3482 bello
1406 3421 1580 3496 imponant
1606 3418 1718 3481 tinem.
1741 3421 1863 3481 Nonne

629 3537 777 3597 carmina
810 3535 902 3610 epica
935 3534 1101 3595 habebant
1136 3534 1320 3596 Menelaum
1352 3534 1392 3595 ab
1425 3535 1552 3596 Helena
1586 3534 1737 3596 victum?
1769 3532 1864 3608 Quae

630 3648 726 3710 'troia
756 3650 854 3724 capta
883 3649 1062 3724 pristinum
1090 3649 1264 3723 coniugem
1288 3663 1356 3709 non
1378 3648 1518 3725 supplex
1541 3649 1636 3724 adiit,
1660 3647 1719 3708 sed
1742 3650 1867 3723 pectus

629 3764 765 3824 niveum
800 3764 958 3825 audacter
990 3762 1142 3839 praebuit
1175 3762 1448 3824 coniodiendum:
1484 3764 1554 3822 tum
1587 3761 1714 3822 abiecto
1749 3760 1867 3836 gladio

629 3877 685 3937 ille
716 3877 831 3938 eodem
862 3892 925 3951 quo
958 3880 1058 3938 antea
1080 3891 1195 3938 amore
1218 3891 1292 3938 eam
1316 3880 1368 3938 est
1392 3875 1594 3952 complexus.
1618 3874 1751 3936 illarum
1779 3873 1868 3935 illud

630 3991 819 4066 exemplum
844 3991 996 4052 imitatae
1019 4005 1103 4064 quae
1125 4005 1212 4051 nunc
1237 3991 1356 4051 vivunt
1374 3989 1533 4051 mulieres
1552 3989 1694 4050 Graecae
1715 3991 1748 4050 et
1768 3990 1870 4064 ipsae

629 4104 757 4166 tonnae
780 4107 959 4165 venustate
982 4118 1104 4165 usurae
1128 4105 1207 4164 sunt
1230 4105 1264 4163 in
1285 4104 1374 4164 viros
1395 4103 1483 4179 illos,
1505 4103 1560 4177 qui
1577 4101 1705 4164 decoris
1725 4101 1872 4162 feminei

630 4219 728 4279 heros
763 4221 861 4292 atque
894 4218 1047 4279 dominos
1078 4217 1237 4291 superbos
1268 4231 1305 4277 se
1335 4231 1468 4292 gessere
1499 4217 1600 4276 nimie
1625 4216 1696 4292 diu,
1728 4217 1761 4275 in
1791 4219 1872 4276 tuto

630 4331 788 4393 nimirum
813 4331 938 4392 amoris
960 4332 995 4392 et
1019 4331 1108 4391 vitae
1131 4331 1333 4392 domesticae
1356 4329 1441 4390 bona
1463 4344 1595 4405 semper
1614 4328 1677 4389 sibi
1696 4328 1767 4389 iore
1790 4329 1873 4390 rati.

631 4444 766 4505 Sciunto
800 4442 850 4504 illi
884 4443 969 4504 nihil
1003 4443 1168 4504 eiusmodi
1198 4445 1256 4504 aut
1286 4446 1413 4504 certum
1446 4445 1504 4503 aut
1533 4444 1689 4518 paratum
1712 4457 1810 4518 esse,
1842 4443 1875 4502 si

629 4556 739 4619 nolint
761 4556 932 4632 mulieres,
958 4560 996 4617 ut
1018 4557 1154 4617 tandem
1180 4557 1321 4632 denique
1345 4557 1499 4618 desinant
1523 4570 1579 4616 eas
1600 4555 1821 4631 vilipendere.
1844 4555 1875 4616 A

631 4668 851 4731 Pacidcatrice
882 4668 1021 4731 muliere
1050 4670 1248 4731 Atheniensi
1279 4671 1482 4730 convocatae
1510 4669 1718 4730 Athenarum
1747 4684 1877 4731 arcem

630 4786 804 4859 occupant,
825 4783 952 4844 aerario
970 4782 1101 4859 publico
1120 4784 1301 4858 potiuntur,
1317 4783 1504 4859 propylaeis
1516 4783 1734 4844 communitis
1745 4789 1881 4846 arcent

632 4898 721 4958 viros
750 4897 950 4973 impotenter
979 4896 1146 4972 ihrentes;
1170 4898 1301 4971 iamque
1325 4897 1490 4972 patienter
1512 4898 1545 4957 in
1569 4895 1665 4958 lirmo
1689 4897 1744 4956 illo
1771 4901 1881 4974 rupis

631 5011 795 5087 praesidio
819 5012 996 5086 expectant
1019 5025 1176 5084 quorsum
1200 5025 1255 5072 res
1278 5011 1347 5071 sint
1369 5025 1541 5072 evasuras.
