4375 6284
728 953 808 1000 1113
830 954 870 1000 cr
892 953 1061 1000 33331333.
1469 937 1511 996 63

338 1126 419 1202 Quod
454 1141 518 1199 quo
552 1127 623 1188 iure
657 1125 893 1202 perhibuisset,
929 1141 1087 1200 quaerere
1121 1140 1187 1186 non
1222 1123 1363 1186 vacabat
1401 1123 1512 1185 Oleoni

306 1239 355 1298 iilis
382 1239 512 1314 diebus,
537 1240 655 1314 quibus
678 1239 806 1316 Vespae
830 1239 941 1300 labula
963 1254 1083 1301 scenae
1107 1241 1158 1300 est
1183 1240 1377 1314 commissa,
1401 1253 1515 1298 rerum

304 1354 561 1424 gravissimarum
597 1355 629 1414 ei
664 1353 979 1415 molestissimarum
1014 1356 1094 1414 tunc
1128 1353 1306 1427 satagenti.
1341 1353 1424 1412 Nam
1460 1367 1517 1427 per

305 1481 421 1528 menses
451 1466 622 1543 proximos
655 1481 761 1541 neque
790 1467 861 1542 ipse
891 1467 1101 1540 requieverat
1130 1480 1235 1539 neque
1258 1466 1314 1540 qui
1336 1466 1377 1526 ab
1400 1465 1515 1526 eadem

304 1595 363 1640 cum
396 1596 434 1642 eo
464 1583 559 1656 parte
589 1579 724 1642 stabant
754 1578 787 1640 in
820 1596 854 1641 re
886 1579 1031 1656 publica,
1057 1579 1115 1641 sed
1138 1581 1176 1640 ut
1199 1579 1353 1640 cederent
1374 1579 1438 1639 sibi
1461 1579 1516 1654 qui

303 1694 381 1766 pacis
413 1697 606 1771 appetentes
641 1697 737 1756 erant
778 1694 942 1755 effecerat.
985 1695 1100 1769 Itaque
1135 1693 1257 1755 bellum
1293 1693 1518 1769 redintegrare

304 1809 550 1870 Atheniensibus
578 1808 761 1884 placuerat,
798 1810 898 1882 utque
933 1809 1064 1869 bostem
1099 1809 1233 1869 sirenue
1267 1823 1348 1869 mox
1380 1810 1517 1883 possent

303 1922 410 1984 adoriri
431 1921 572 1983 dabatur
595 1937 704 1999 opera.
727 1921 863 1996 Iamque
887 1921 1095 1983 induciarum
1120 1925 1192 1983 erat
1210 1920 1287 1982 linis
1308 1924 1341 1982 et
1359 1922 1516 1983 Thraciae

303 2051 385 2098 oram
414 2037 521 2098 classe
553 2035 660 2111 primo
695 2049 825 2110 quoque
855 2036 1004 2110 tempore
1037 2036 1205 2110 petiturus
1232 2039 1305 2098 erat
1334 2035 1447 2112 (ileon,
1480 2039 1517 2098 ut

304 2150 515 2227 Amphipolim
539 2151 733 2222 ceterasque
756 2147 921 2223 civitates,
941 2163 1024 2222 quas
1043 2147 1084 2210 ab
1105 2150 1364 2211 Atheniensibus
1382 2150 1518 2226 segnius

303 2263 445 2324 defensas
474 2262 631 2324 Brasidas
662 2259 783 2337 partim
807 2261 841 2321 11
873 2261 995 2337 partim
1026 2261 1144 2323 caliido
1172 2262 1308 2340 consilio
1331 2265 1409 2324 ante
1431 2263 1517 2326 bien·

303 2377 384 2437 nium
414 2375 455 2436 iis
484 2375 662 2452 eripuerat,
694 2375 797 2436 armis
827 2375 856 2435 si
887 2379 1002 2451 posset
1026 2380 1248 2452 recuperaret.
1273 2376 1359 2452 Quos
1382 2377 1517 2439 bellicos

303 2488 422 2551 Cleonis
459 2491 639 2566 apparatus
675 2487 816 2550 irrideus
853 2487 1050 2562 Bdelycleon
1080 2489 1272 2564 perhibebat
1302 2490 1411 2566 populi
1441 2491 1517 2552 illos

303 2603 403 2680 duces,
432 2604 487 2678 qui
517 2618 576 2678 pro
606 2603 716 2678 patria
738 2601 817 2662 dum
841 2601 911 2662 vita
934 2605 1084 2663 maneret
1107 2602 1334 2665 decertaturos
1356 2606 1519 2666 1331313111

302 2731 345 2792 33,
376 2733 454 2779 voce
484 2716 698 2793 potissimum
723 2714 847 2789 131313,
880 2715 1011 2776 iurandi
1042 2715 1169 2777 scilicet
1195 2731 1294 2792 quam
1318 2718 1460 2780 bellandi
1483 2722 1518 2779 et

302 2831 463 2907 peritiores
493 2832 527 2892 et
555 2829 784 2892 studiosiores.
815 2829 920 2904 Magis
950 2829 1109 2891 nimirum
1134 2845 1232 2905 quam
1257 2847 1343 2893 anno
1365 2833 1518 2908 proximo

302 2958 403 3006 rerum
433 2943 639 3020 publicarum
669 2958 788 3005 cursus
817 2943 885 3004 iam
915 2943 1107 3019 impellebat
1133 2948 1265 3019 poetam
1289 2945 1452 3006 comicum
1475 2946 1515 3006 ad

304 3055 512 3118 vellicandum
531 3055 688 3119 Cleonem
708 3057 846 3132 eiusque
865 3055 1004 3134 amicos,
1027 3060 1140 3134 utpote
1158 3059 1231 3133 paci
1249 3074 1349 3132 quam
1369 3059 1517 3120 maxime

303 3169 441 3233 iniestos.

343 3285 441 3346 liedia
458 3285 526 3346 lere
545 3288 672 3346 aestate
691 3299 768 3346 cum
788 3283 894 3344 classe
915 3286 949 3344 et
968 3285 1116 3346 exercitu
1132 3287 1283 3347 terrestri
1295 3286 1329 3346 in
1341 3286 1516 3348 Thraciam

305 3395 394 3459 Cleon
417 3400 581 3475 proiectus
607 3399 732 3460 Torone
756 3413 836 3459 mox
858 3399 912 3458 est
934 3398 1077 3473 potitus;
1103 3398 1193 3460 cives
1217 3399 1376 3462 Toronaei
1395 3402 1516 3476 partim

305 3513 396 3588 oaesi,
430 3515 551 3589 partim
586 3513 686 3589 capti,
726 3511 884 3572 mulieres
925 3515 959 3572 et
1000 3511 1190 3587 impuberes
1224 3513 1360 3574 venditi.
1394 3513 1516 3575 Eadem

307 3622 427 3702 Galepsi
448 3627 510 3688 ruit
533 3641 623 3700 sors;
647 3625 874 3701 Amphipolim
898 3640 975 3686 vero
994 3627 1140 3686 tentanti
1159 3625 1278 3687 obiecit
1297 3641 1333 3687 se
1350 3627 1517 3689 Brasidas.

307 3735 483 3814 Numquam
506 3742 618 3800 autem
643 3739 763 3800 clarius
786 3754 886 3812 quam
911 3741 990 3800 tuno
1012 3741 1122 3817 patuit
1143 3740 1305 3816 quentilla
1326 3744 1516 3818 praetorum

308 3849 548 3915 Atheniensium
580 3853 614 3915 in
644 3869 723 3915 suos
754 3854 878 3915 mllites
903 3856 990 3916 esset
1022 3855 1222 3929 auctoritem
1247 3855 1337 3916 cives
1359 3857 1448 3916 enim
1473 3856 1517 3931 ei,

307 3977 365 4036 qua
391 3966 589 4044 gaudebant,
624 3966 772 4030 libertati
806 3983 871 4029 non
907 3967 1026 4029 ducere
1061 3971 1334 4045 consentaneum,
1366 3970 1517 4044 quicquid

307 4077 444 4142 iuberent
477 4081 592 4157 duces,
628 4096 724 4143 caeco
755 4080 912 4156 obsequio
942 4097 1072 4157 parere:
1104 4082 1347 4157 Spartiatarum
1381 4083 1412 4142 id
1443 4097 1517 4144 esse

308 4194 427 4267 regibus
450 4195 603 4258 videlicet
622 4195 860 4270 obedientium,
882 4209 948 4256 non
967 4195 1114 4256 virorum
1134 4193 1194 4255 sub
1214 4195 1362 4270 populari
1379 4196 1517 4273 imperio

309 4303 491 4371 viventium.
522 4309 638 4383 Itaque
671 4306 770 4369 Cleon
805 4307 955 4368 hostibus
992 4308 1156 4383 imparem
1191 4321 1227 4369 se
1260 4309 1408 4368 sentiens
1442 4325 1516 4370 oum

310 4420 421 4482 auxilia
435 4423 612 4497 expectare
626 4420 741 4497 vellet,
759 4421 952 4496 priusquam
970 4419 1086 4482 urbem
1104 4419 1236 4482 iirmam
1252 4421 1418 4497 copiisque
1430 4423 1517 4483 sillu-

311 4535 408 4596 entem
430 4534 640 4612 oppugnandi
662 4534 786 4596 iaceret
808 4534 956 4610 initium,
982 4548 1056 4594 cum
1080 4549 1141 4594 suo
1160 4535 1350 4611 patriaeque
1370 4537 1518 4597 maximo

312 4641 494 4711 detrimento
525 4652 682 4725 expertus
712 4650 763 4709 est
793 4647 917 4708 dudum
947 4648 1160 4722 praeteriisse
1189 4648 1273 4724 dies,
1297 4648 1415 4722 quibus
1437 4649 1518 4724 Pylo

314 4757 454 4824 victorem
471 4778 576 4839 nuper
594 4763 747 4824 reducem
765 4760 971 4836 suspicerent
990 4776 1026 4822 se
1046 4763 1150 4837 31133,
1172 4763 1284 4836 utpote
1296 4763 1344 4822 rei
1356 4762 1518 4837 gerendae

314 4873 544 4941 lentissimum.
575 4875 646 4937 Non
678 4877 744 4938 iarn
776 4877 861 4939 tanti
889 4874 988 4938 tiebat
1021 4877 1051 4938 is
1082 4876 1136 4952 qui
1165 4892 1207 4937 ex
1230 4876 1359 4937 officina
1381 4877 1519 4936 coriaria

316 4987 462 5056 prodierat
478 4990 628 5066 bellator,
646 4989 766 5065 quique
777 4990 1084 5052 vehementissimis
1101 4989 1179 5050 olim
1196 4988 1307 5050 verbis
1322 4989 1518 5050 criminatus
