4375 6284
752 971 831 1017 VITA
853 970 893 1016 H
916 970 1086 1020 aramue.

531 1145 786 1222 ,Lacrimaeque
808 1144 907 1219 ionga
930 1159 1013 1218 quos
1036 1144 1194 1220 opprimit
1217 1146 1326 1220 aetas,

621 1259 714 1335 „Tibi
734 1259 813 1320 dum
836 1272 931 1319 sacra
952 1258 1132 1333 praestant.

621 1373 711 1449 ,Age
732 1386 819 1434 nunc
841 1372 912 1433 iaco
934 1370 1051 1433 lucens

533 1489 619 1565 „Iter
640 1487 683 1549 ad
706 1501 862 1563 campum
885 1484 1025 1547 hilarem
1050 1485 1062 1545 i
1084 1501 1173 1562 prae,

621 1600 789 1677 ,Nitidum
812 1615 929 1675 agrum
953 1591 1073 1661 chorius
1096 1602 1135 1660 ut

621 1715 818 1790 ,Iuvenum,
843 1728 862 1773 ο
885 1712 970 1789 dive,
995 1712 1218 1787 nequentet.”

360 1828 476 1905 Quibus
516 1828 605 1890 ludis
642 1829 819 1903 postquam
853 1826 999 1888 viatores
1033 1827 1138 1888 nostri
1174 1826 1412 1902 aliquantisper
1450 1825 1535 1886 clam

322 1942 483 2004 adfuerunt
506 1943 539 2003 in
559 1956 693 2003 recessu
712 1940 854 2015 quodam
878 1937 995 2016 abditi,
1020 1939 1214 2001 continuato
1237 1939 1355 2002 itinere
1377 1939 1417 2000 ad
1440 1938 1538 2000 aedes

322 2055 481 2118 Plutontas
502 2056 638 2118 tandem
660 2052 869 2130 perveniunt.
892 2053 1032 2114 ianuam
1050 2052 1216 2127 Dionysus
1235 2052 1362 2129 pulsat:
1390 2052 1533 2129 ,aditum

321 2170 395 2244 petit
415 2167 608 2230 Hercules?

359 2285 409 2346 Ira
440 2283 585 2359 percitus
618 2280 788 2356 extemplo
817 2279 908 2341 toras
938 2280 1005 2340 ruit
1035 2278 1166 2340 ianitor.
1198 2279 1370 2354 ,Rediitne
1397 2278 1450 2339 fur
1472 2277 1538 2352 iile,

323 2397 391 2472 ,qui
413 2410 529 2458 canam
552 2394 648 2456 nobis
669 2393 893 2455 domesticum
916 2394 997 2454 tunc
1018 2391 1203 2453 abstulit?”

359 2510 490 2583 Iamque
520 2523 563 2569 ex
589 2506 717 2570 deliciis
739 2506 807 2568 illis
829 2504 1013 2581 Euripideis
1035 2504 1111 2581 plus
1133 2506 1217 2566 satia
1239 2504 1385 2578 Dionyso
1406 2508 1539 2580 gusten-

321 2624 392 2684 dum
432 2622 623 2698 praebetur;
664 2633 743 2681 nam
777 2619 894 2694 tragici
927 2621 1045 2694 poetae
1079 2618 1191 2680 verbis
1223 2633 1289 2680 non
1324 2618 1389 2679 nisi
1421 2617 1539 2680 ieviter

318 2736 501 2799 immutatis
524 2737 669 2798 furorem
694 2747 854 2796 evomens
876 2733 965 2808 regia
986 2733 1108 2794 inferni
1130 2733 1299 2796 minister:

490 2851 642 2927 ,audam
667 2862 804 2926 procax,
827 2849 995 2923 proterve,
1019 2845 1073 2907 cui
1100 2846 1213 2909 nullus
1235 2847 1348 2923 pudor,

490 2964 752 3042 ,abominanda
779 2963 813 3023 et
834 2961 864 3022 si
887 2961 967 3036 quid
990 2962 1043 3021 est
1065 2960 1174 3022 dirum
1198 2961 1321 3036 magist

492 3079 670 3155 ,Nostrum
695 3090 812 3137 canem
835 3075 891 3150 qui
913 3073 1090 3136 Cerberum
1114 3074 1192 3136 hinc
1213 3073 1363 3149 abegeris

491 3193 737 3268 ,Prensumque
760 3188 843 3251 coilo
867 3188 1067 3251 suffocatum
1091 3189 1254 3265 rapueris,

491 3307 578 3383 ,ligo
600 3319 700 3381 quem
724 3303 858 3365 tuebar:
883 3318 971 3365 nunc
994 3303 1119 3365 toneris
1140 3301 1296 3364 firmiter!

491 3420 600 3497 ,Talis
623 3419 738 3493 Stygis
760 3420 795 3479 te
820 3417 916 3480 corde
940 3417 1057 3479 durato
1080 3417 1167 3493 lapis

490 3533 778 3611 ,Acherusiusque
800 3531 958 3608 scopulus
981 3531 1112 3592 undans
1133 3530 1295 3605 sanguine

490 3647 708 3726 ,custodiunt
730 3648 882 3720 cautique
907 3646 1022 3720 cocyti
1045 3660 1160 3722 caneo,

492 3761 657 3838 ,Echidna
679 3761 925 3837 centicepsquo,
950 3775 1034 3833 quae
1056 3760 1116 3820 tua
1139 3759 1269 3820 viscera

490 3874 698 3952 ,Dilaniabit
723 3874 842 3936 Latera
865 3872 1020 3950 corripiet
1043 3874 1104 3934 tua

491 3989 661 4065 ,Tartesia
683 4002 859 4064 muraena,
884 4002 981 4049 renos
1004 3989 1040 4049 at
1062 3989 1140 4048 tuos

492 4104 720 4180 ,cruentaque
743 4101 906 4163 intestina
927 4101 1095 4178 diripient,
1120 4099 1236 4177 miser,

494 4217 670 4294 ,Quicquid
693 4215 920 4292 Megaerarum
947 4215 1076 4276 Subura
1099 4215 1173 4276 Orci
1195 4217 1300 4292 tonet,

492 4332 600 4409 ,Quas
622 4331 691 4390 iam
715 4330 817 4391 citato
840 4328 922 4405 pede
944 4331 1056 4405 petam
1080 4331 1177 4389 tuum
1200 4328 1242 4389 ad
1264 4327 1424 4391 malum.”

359 4444 449 4519 Quae
478 4461 559 4507 vocs
589 4443 717 4520 ingenti
747 4445 925 4519 postquam
957 4442 1080 4518 mugiit
1109 4443 1239 4518 ianitor,
1272 4442 1313 4504 ad
1343 4422 1469 4502 auxilia
1491 4455 1541 4516 pe·

314 4559 416 4618 tenda
435 4559 581 4634 recurrit,
606 4558 707 4620 ianua
725 4555 807 4618 bene
825 4557 968 4619 occlusa.
988 4556 1158 4632 Dionysus
1177 4558 1288 4617 autem
1309 4555 1402 4615 humi
1417 4553 1543 4631 proruit

314 4671 509 4746 vepallidus.
532 4671 593 4734 (tui
614 4671 726 4734 ridens
749 4670 934 4732 Xanthias:

359 4815 403 4828 -
432 4787 581 4860 ,Adeone
604 4784 751 4846 times?'’

358 4931 401 4942 —
433 4898 539 4972 ,Tune
562 4914 642 4960 vero
666 4912 731 4961 non
755 4896 902 4958 times?”

356 5044 399 5056 -
430 5013 580 5088 ,Minime
601 5026 726 5075 rerum.
750 5009 834 5087 Quid
858 5009 989 5071 enim!'’
