4375 6284
672 967 712 1027 18
1189 982 1230 1026 ns
1252 981 1377 1026 aornar

667 1153 810 1228 solebat,
842 1152 941 1213 celsis
970 1152 1107 1227 templis
1132 1152 1378 1229 splendidisque
1401 1154 1582 1230 porticibus
1606 1158 1817 1233 exornatam,
1837 1171 1881 1230 pu·

667 1267 761 1329 blicis
783 1267 987 1342 privatisque
1011 1265 1169 1328 aediliciis
1191 1266 1344 1342 plurimis
1361 1269 1526 1329 nitentem
1546 1269 1708 1344 laetisque
1728 1269 1884 1331 arboribus

667 1382 844 1443 decoram?
872 1381 1046 1442 Plateasue
1077 1383 1111 1441 et
1142 1382 1213 1442 fora
1243 1382 1310 1442 ista
1338 1382 1529 1443 hominibus
1557 1384 1718 1458 squalidis
1749 1385 1882 1461 oppleta,

668 1497 792 1557 misera
813 1497 880 1556 ista
903 1495 1082 1555 multitudo
1107 1493 1169 1554 sub
1192 1495 1246 1556 dio
1270 1495 1322 1556 vel
1344 1497 1378 1556 in
1397 1496 1540 1571 tuguriis
1558 1497 1631 1557 rudi
1649 1500 1720 1558 arte
1739 1498 1885 1560 confectis

668 1609 791 1684 degens
811 1609 996 1682 ubicunque
1014 1609 1115 1682 spatii
1134 1607 1256 1682 aliquid
1276 1608 1424 1685 patebat,
1446 1610 1533 1670 male
1551 1613 1643 1670 tecta
1665 1611 1753 1671 male
1772 1611 1885 1672 nutrita
1966 1654 1971 1683 .

669 1725 715 1797 et,
736 1721 968 1784 inclementior
991 1736 1067 1782 cum
1088 1723 1273 1797 tempestas
1295 1723 1483 1800 ingruebat,
1504 1723 1592 1782 inter
1609 1723 1791 1784 turriculas
1811 1739 1885 1785 moe·
1966 1696 1970 1751 ἶ

668 1836 761 1896 nium
792 1835 980 1909 rimosaque
1010 1835 1098 1895 arcis
1128 1849 1213 1896 saxa
1244 1834 1451 1911 confugiens,
1486 1840 1689 1897 —erantne
1720 1837 1779 1898 isti
1808 1839 1888 1898 cives

668 1947 914 2010 Athenienses?
937 1979 976 1989 -
1003 1948 1132 2008 istaene
1156 1950 1250 2008 erant
1272 1948 1449 2009 Athenae?

714 2062 775 2123 Pro
805 2061 929 2122 bellum
953 2061 1094 2136 impium
1118 2064 1217 2135 atque
1240 2062 1421 2123 nefarium!
1446 2062 1494 2122 1111
1518 2077 1658 2137 poenam
1683 2067 1720 2124 ut
1742 2079 1884 2140 gravem,

668 2176 716 2236 sic
734 2176 871 2251 iustam,
892 2191 957 2249 qua
975 2175 1110 2236 caelites
1128 2175 1309 2236 affecerant
1328 2174 1487 2236 mortales
1506 2175 1682 2252 scelestos,
1703 2178 1760 2250 qui
1779 2191 1885 2253 pacem
1971 2166 1972 2169 ’

667 2290 834 2364 aspernati
864 2289 897 2348 in
927 2288 1050 2350 bellum
1076 2288 1319 2364 perniciemque
1342 2291 1377 2348 11
1399 2289 1464 2363 ipsi
1486 2289 1632 2350 ruissent
1655 2292 1689 2350 et
1711 2292 1887 2352 traxissent

667 2402 766 2463 alios:
791 2417 856 2463 uua
878 2403 946 2462 iam
969 2405 1082 2464 sontes
1107 2403 1322 2476 insontesque
1349 2402 1555 2478 opprimebat
1578 2402 1697 2464 clades.
1721 2404 1888 2466 Habebunt

666 2515 887 2578 Athenienses
905 2515 990 2590 quod
1010 2517 1156 2576 strenuis
1174 2515 1467 2590 constantibusque
1486 2515 1553 2576 illis
1564 2515 1703 2576 ducibus
1723 2520 1887 2594 acceptum

667 2629 838 2704 referrent,
860 2628 978 2690 Pericli
998 2630 1209 2704 praesertim,
1227 2629 1282 2702 qui
1301 2629 1448 2704 placidus
1468 2631 1502 2690 et
1520 2629 1700 2691 benevolus
1719 2635 1753 2691 st
1764 2645 1888 2706 semper

667 2743 754 2802 idem
785 2744 871 2804 inter
901 2757 958 2803 eos
990 2742 1195 2804 versabatur.
1227 2743 1275 2803 Ne
1298 2743 1438 2816 digitum
1467 2742 1597 2815 quidem
1622 2746 1890 2806 transversuma

666 2855 814 2916 consiliis
844 2857 915 2916 suis
943 2855 1141 2917 discesserat
1163 2856 1219 2916 ille
1242 2857 1283 2917 ad
1306 2855 1428 2916 bellum
1452 2857 1684 2933 avertendum,
1709 2861 1743 2919 11
1765 2859 1888 2920 foverat

665 2970 775 3045 potius
805 2971 917 3044 ignem
941 2970 1122 3031 discordiae
1144 2985 1245 3044 quam
1268 2971 1414 3031 cavisset
1435 2985 1477 3031 ne
1499 2972 1625 3046 ingenti
1648 2972 1801 3035 incendio
1822 2976 1889 3032 tota

666 3082 883 3158 conflagraret
913 3083 1057 3145 Graecia.
1089 3083 1421 3145 Marathonomachos
1451 3085 1515 3144 nisi
1542 3084 1799 3158 degenerassent
1819 3085 1887 3160 filii,

664 3212 730 3257 non
748 3198 909 3258 sivissent
926 3199 1087 3273 Aspasiae
1106 3197 1263 3258 maritum
1287 3212 1357 3258 rem
1381 3197 1545 3272 publicam
1566 3213 1736 3273 capessere
1758 3201 1889 3260 nautica

663 3310 761 3370 turba
791 3310 983 3386 popelloque
1013 3310 1198 3372 tabernario
1228 3311 1364 3385 fretum,
1393 3325 1516 3371 novum
1539 3310 1770 3390 Pisistratum,
1794 3327 1888 3389 quern

663 3423 759 3484 stulti
794 3425 884 3485 11111
925 3424 1096 3485 domiuum
1138 3423 1201 3484 sibi
1245 3424 1318 3499 lege
1356 3426 1564 3500 creaverant,
1601 3425 1653 3485 cui
1685 3441 1744 3501 per
1776 3427 1888 3502 longos
1976 3440 1977 3443 ’

662 3552 766 3598 annos
789 3538 1058 3612 obtemperarant
1081 3537 1257 3598 Soloneam
1280 3537 1451 3598 civitatem
1478 3538 1672 3614 turpissime
1694 3539 1891 3602 adulteranti

662 3653 697 3711 et
726 3651 759 3711 in
790 3651 1070 3726 perniciosissima
1101 3667 1250 3725 quaeque
1281 3653 1422 3713 vocanti.
1453 3652 1669 3714 Praeteriisse
1699 3654 1891 3715 credebatur

663 3779 782 3825 aevum
820 3767 1052 3840 tyrannorum,
1096 3767 1131 3825 at
1172 3768 1302 3825 mutato
1343 3767 1478 3827 nomine
1511 3765 1663 3828 redierat.
1702 3767 1753 3827 Ad
1792 3782 1888 3828 suum

660 3879 765 3954 ipsius
789 3879 963 3940 arbitrium
993 3879 1134 3956 populus
1163 3895 1234 3941 rem
1264 3880 1430 3956 publicam
1460 3881 1696 3942 administrare
1718 3879 1781 3940 1111
1806 3881 1889 3941 vide·

661 3993 766 4069 batur,
807 3993 864 4054 sed
899 4007 1015 4053 revera
1047 3993 1134 4054 dicto
1169 3994 1357 4054 audientem
1392 4010 1429 4056 se
1456 3995 1646 4070 praestabat
1679 3998 1889 4068 mansuetus,

661 4107 814 4182 quicquid
848 4106 1033 4182 imperabat
1067 4107 1188 4181 Pnycis
1222 4106 1278 4168 ille
1312 4107 1459 4184 Iuppiter
1489 4108 1665 4170 verborum
1696 4109 1891 4170 fulminibus

662 4220 751 4281 cives
786 4219 957 4295 territans,
992 4218 1136 4279 Pericles
1172 4219 1359 4296 Olympius,
1396 4222 1533 4282 Iunonis
1562 4223 1747 4297 impudicae
1778 4223 1829 4283 111
1859 4224 1891 4281 11
1976 4200 1977 4227 ’

663 4334 826 4396 minister.

706 4448 759 4509 Sic
782 4447 913 4508 iuvenis
933 4447 1019 4508 ruris
1041 4447 1144 4522 quieti
1167 4447 1277 4510 subito
1302 4452 1437 4524 ereptus
1460 4450 1603 4525 furebat,
1627 4452 1662 4510 et
1683 4449 1891 4510 calamitates

661 4577 745 4635 quae
778 4560 974 4621 tristissimo
1010 4561 1168 4636 adspectu
1206 4563 1355 4622 animum
1395 4563 1497 4623 dolori
1536 4564 1683 4623 nondum
1717 4565 1890 4624 assuetum
1976 4602 1977 4639 ,

663 4675 787 4749 passim
818 4673 979 4734 feriebant
1010 4689 1075 4735 non
1106 4675 1231 4736 ferreae
1260 4678 1454 4737 necessitati
1484 4677 1543 4737 sed
1580 4678 1661 4738 viris
1689 4677 1724 4737 in
1753 4677 1891 4738 civitate
1976 4674 1977 4687 ¹

661 4787 861 4863 principibus
890 4789 1089 4865 imputabat,
1123 4822 1164 4831 —
1197 4790 1308 4865 corde,
1339 4805 1404 4851 non
1435 4791 1541 4866 capite
1571 4790 1729 4851 iudicans.
1764 4790 1891 4864 Nempe

661 4902 772 4962 nullus
806 4901 834 4962 ei
870 4905 941 4962 erat
975 4917 1084 4962 rerum
1121 4900 1326 4977 publicarum
1361 4918 1456 4978 usus,
1492 4902 1584 4964 nulla
1617 4903 1746 4978 peritia.
1778 4903 1891 4976 Neque

662 5016 733 5076 eius
764 5016 885 5076 aetatis
910 5021 982 5075 erat
1004 5032 1108 5090 neque
1131 5015 1265 5091 indolis,
1290 5015 1399 5077 sobrio
1422 5017 1614 5092 placidoque
1637 5017 1758 5077 iudicio
1781 5018 1888 5078 decer·
1954 5021 1970 5111 j
