4375 6284
750 958 829 1003 vrrs
852 959 891 1003 ar
915 958 1083 1004 orasraus.
1469 942 1532 1002 153

319 1132 371 1192 tus
391 1132 584 1194 abducitur.
599 1177 606 1194 .
619 1173 628 1190 .
641 1134 676 1192 et
697 1130 782 1192 satis
800 1145 963 1207 superque
981 1131 1120 1206 apparet
1140 1130 1270 1204 qualem
1291 1129 1432 1206 gratiam
1449 1127 1534 1204 apud

318 1245 398 1306 cives
428 1245 607 1306 inventura
640 1243 712 1305 sint
746 1258 830 1318 quae
859 1243 900 1304 de
933 1243 1005 1305 iure
1036 1243 1199 1305 amatorio
1229 1242 1419 1319 praestituit
1449 1255 1536 1303 nova

317 1358 476 1434 dictatrix,
501 1372 609 1433 neque
633 1357 798 1419 incertum
821 1356 951 1419 videtur
973 1357 1133 1431 quamdiu
1155 1356 1224 1418 sint
1246 1370 1477 1432 permansura.
1494 1388 1534 1398 -

318 1473 367 1547 ,ln
396 1475 513 1534 nostra
535 1472 673 1533 civitate
696 1470 826 1532 decreta
847 1468 933 1531 liunt
954 1472 993 1532 ut
1015 1470 1090 1533 tolli
1114 1471 1266 1547 possint''
1290 1471 1399 1532 dicere
1421 1469 1536 1530 memi-

317 1585 418 1647 nimus
440 1584 536 1646 illum
560 1584 682 1660 civem,
707 1583 764 1658 qui
787 1582 940 1644 Athenas
962 1582 1044 1645 bene
1068 1583 1222 1659 cognitas
1245 1584 1394 1646 haberet.

354 1700 468 1774 ltaque
499 1698 578 1760 terri
609 1697 701 1773 leges
726 1697 858 1759 facilius
880 1712 979 1771 quam
1002 1700 1095 1759 ratas
1118 1695 1189 1760 fieri
1211 1713 1264 1759 res
1287 1700 1399 1774 docet;
1424 1713 1540 1760 omnes

317 1816 420 1874 autem
452 1827 528 1874 cum
559 1813 734 1874 cantantes
764 1815 799 1872 et
828 1811 992 1874 saltantes
1021 1811 1055 1872 in
1086 1812 1194 1873 torum
1218 1812 1343 1874 abeunt
1365 1813 1406 1874 ad
1430 1813 1537 1874 convi-

318 1928 400 1988 vium
424 1941 616 2003 commune,
647 1926 853 2001 spectatores
875 1940 941 1987 non
968 1925 1000 1986 id
1023 1926 1109 2000 quod
1133 1925 1212 1987 olim
1234 1926 1268 1986 in
1292 1925 1387 1986 Pacis
1409 1925 1538 1986 fabulae

318 2040 401 2101 exitu
429 2054 545 2102 secum
568 2038 729 2115 cogitant,
755 2052 872 2100 cenam
895 2037 989 2100 illam
1011 2037 1138 2101 laetum
1161 2038 1231 2101 tore
1255 2038 1427 2100 exordium
1452 2039 1540 2099 vitae

317 2153 439 2227 quietae
458 2152 600 2214 feliciter
619 2151 759 2228 posthac
778 2151 1025 2228 transigendae,
1050 2151 1109 2213 sed
1131 2152 1213 2214 lnaec
1232 2151 1358 2228 potius:
1382 2151 1428 2227 „0
1448 2150 1538 2227 boni,

320 2280 466 2343 ‚operam
498 2265 575 2327 date
605 2267 643 2327 ut
673 2263 757 2327 bene
786 2266 918 2326 saturos
947 2263 1029 2326 bene
1052 2263 1171 2341 repleti
1193 2280 1213 2326 a
1235 2264 1374 2341 dapibus
1397 2264 1541 2341 opiparis

320 2380 475 2455 „redeatis
493 2379 648 2453 domum;
668 2377 793 2440 alterae
808 2377 896 2439 enim
916 2392 981 2439 nou
993 2379 1072 2439 sunt
1084 2377 1232 2439 futurae:
1253 2393 1326 2439 cras
1345 2379 1539 2453 gaudiorum

321 2492 408 2569 ,ilnis
433 2493 537 2555 eriti'’
568 2523 608 2537 -
632 2491 737 2554 Erunt
758 2493 840 2553 tunc
861 2490 969 2553 denuo
991 2506 1075 2566 quae
1098 2491 1133 2553 in
1155 2490 1375 2553 tribunalibus
1401 2493 1542 2566 agantur

319 2622 416 2681 neque
437 2606 586 2683 cupediis
609 2606 643 2668 in
665 2608 823 2682 suggesto
845 2605 977 2682 publico
1000 2607 1064 2667 erit
1085 2605 1186 2667 locus.

359 2719 593 2783 Pacificatricis
617 2719 707 2782 illius
729 2719 876 2781 consiliis
894 2719 1195 2795 praestantissimis
1214 2734 1289 2780 cum
1309 2718 1399 2780 cives
1418 2719 1541 2780 obtem·

319 2836 498 2912 parassent,
530 2834 656 2896 rediere
686 2848 752 2910 pax
783 2835 817 2894 et
842 2833 1061 2910 prosperitas;
1086 2848 1170 2907 quae
1192 2832 1371 2894 mulierum
1394 2833 1458 2894 fuit
1479 2833 1544 2893 vic·

319 2950 396 3010 torta
423 2962 491 3011 nou
521 2948 563 3010 ad
594 2947 669 3009 odia
698 2948 825 3025 cienda,
850 2946 908 3008 aad
931 2946 971 3008 ad
995 2945 1201 3008 concilianda
1222 2945 1356 3008 foedera
1377 2949 1544 3008 natarum.

320 3061 518 3138 Praxagorae
549 3076 629 3123 vero
659 3077 735 3123 cum
765 3075 878 3123 rerum
909 3075 1043 3123 summa
1065 3063 1118 3122 est
1140 3060 1317 3136 permissa,
1342 3060 1377 3121 in
1400 3059 1545 3121 deterius

320 3176 380 3236 ruit
411 3175 545 3252 civitas,
580 3189 644 3236 non
684 3174 816 3252 „omnia
849 3174 1006 3238 omnibus
1040 3175 1252 3236 communia”
1288 3172 1453 3249 habitura,
1487 3171 1545 3234 sed

322 3303 450 3362 ,omnes
480 3288 636 3351 omnibus
666 3289 857 3350 adversos.”
888 3287 959 3350 Non
991 3288 1098 3350 dulcis
1127 3287 1301 3363 facilisque
1329 3287 1401 3348 vita
1430 3286 1546 3347 manet

320 3417 452 3476 nequam
482 3403 651 3480 homines,
683 3403 739 3479 qui
770 3401 941 3464 civitatem
972 3417 1011 3463 eo
1033 3405 1166 3464 tantum
1191 3400 1330 3463 consilio
1353 3399 1545 3461 institutam

320 3518 516 3580 arbitrentur
545 3520 584 3579 ut
612 3516 694 3594 ipsis
723 3516 843 3592 pabula
865 3516 1049 3592 praeberet.
1072 3517 1222 3592 Longum
1245 3513 1438 3576 mortalium
1461 3528 1546 3576 rom-

320 3633 473 3694 mercium
497 3647 581 3708 quae
604 3633 732 3710 peperit
754 3632 785 3693 sl
808 3633 1002 3694 evertantur
1025 3630 1278 3706 stabulantur,
1303 3633 1436 3704 patrum
1459 3630 1548 3691 here

320 3743 402 3806 ditas
430 3760 496 3808 una
526 3747 675 3808 omnium
702 3745 962 3822 pretiosissima,
983 3759 1048 3805 non
1073 3758 1209 3806 aureum
1234 3743 1339 3805 instet
1362 3743 1545 3818 saeculum,

321 3857 375 3918 sed
391 3862 479 3920 retro
498 3863 616 3921 ruatur
634 3860 668 3920 in
687 3860 855 3921 feritatem
878 3858 987 3936 illam,
1012 3859 1097 3920 unde
1121 3873 1226 3933 genus
1248 3857 1434 3919 humanum
1457 3856 1547 3918 lente

319 3970 395 4032 olim
418 3973 557 4035 emersit
578 3973 613 4034 in
638 3975 740 4034 vitam
766 3972 952 4034 cultiorem.

362 4085 438 4148 Plus
460 4087 587 4148 sensim
611 4085 754 4162 singulis
776 4086 967 4148 hominibus
986 4086 1020 4146 in
1040 4085 1240 4148 civitateest
1259 4082 1439 4152 tributum:
1461 4098 1549 4145 nunc

320 4199 496 4272 periculum
531 4202 583 4261 est
617 4215 659 4261 ne
693 4198 973 4276 disputationibus
1006 4198 1046 4261 de
1080 4199 1162 4261 iuris
1196 4212 1394 4272 morumque
1423 4198 1547 4274 origine

320 4327 440 4390 temere
458 4314 593 4376 iactatis
612 4315 686 4391 ipsa
704 4313 851 4376 civitatis
869 4314 1087 4375 fundamenta
1104 4312 1334 4389 percellantur.
1348 4311 1551 4389 Quapropter

321 4428 396 4488 sunt
419 4428 488 4506 qui,
513 4427 675 4503 temporis
697 4442 780 4504 opus
802 4428 843 4488 ad
870 4428 1002 4489 irritum
1025 4427 1241 4503 redigendum
1264 4427 1431 4504 arbitrati,
1453 4425 1546 4488 liber·

321 4540 422 4602 tatem
452 4541 544 4603 vitae
575 4543 725 4617 privatae
755 4542 789 4602 in
820 4541 1031 4616 angustiores
1061 4540 1170 4602 denuo
1194 4539 1278 4602 flues
1300 4541 1372 4616 cogi
1395 4539 1549 4602 iubeant:

322 4651 351 4711 id
381 4655 410 4715 si
438 4656 564 4718 iactum
594 4654 707 4730 tuerit,
739 4668 794 4716 res
824 4654 973 4731 publicas
998 4655 1033 4716 in
1055 4655 1176 4716 melius
1200 4670 1280 4717 mox
1302 4655 1474 4715 mutatum
1497 4655 1548 4716 iri.

322 4773 363 4831 nt
395 4787 457 4832 non
488 4772 527 4830 ut
550 4782 655 4830 unum
680 4783 697 4829 e
720 4767 836 4828 multis
859 4772 948 4830 esset
971 4768 1111 4845 animal,
1137 4785 1203 4830 non
1227 4770 1265 4828 ut
1287 4768 1418 4844 generis
1442 4767 1549 4829 cuius·

321 4885 397 4946 dam
426 4884 596 4959 exemplar
627 4885 718 4944 esset
747 4882 865 4944 ceteris
895 4898 996 4957 quam
1023 4882 1172 4943 maxime
1194 4883 1317 4960 simile,
1345 4884 1476 4944 creatus
1499 4885 1550 4943 est

322 4998 434 5060 homoi
458 4999 620 5061 immensi
643 4997 788 5075 corporis
811 4998 897 5072 quod
920 5011 997 5074 pars
1019 4999 1086 5073 est,
1110 5010 1284 5059 summum
1307 4996 1440 5072 quidem
1464 4995 1496 5056 id
1520 4995 1550 5055 ei
