4375 6284
702 985 767 1044 306
1139 998 1181 1042 nn
1203 997 1312 1042 nnxru
1333 997 1487 1042 rannrro.

702 1193 736 1251 et
758 1189 832 1251 Pac.
857 1191 922 1250 446
941 1189 975 1248 in
994 1188 1023 1248 V
1042 1182 1198 1248 τοιαῦταεῖ
1220 1190 1242 1248 i.
1262 1203 1290 1249 s.
1309 1132 1429 1248 tomo}
1450 1124 1648 1249 reiterant«.
1660 1189 1906 1264 nequeuntes

702 1317 901 1378 quemquam
925 1302 1083 1363 detinebit
1106 1301 1230 1363 codicis
1252 1301 1281 1361 Β
1303 1300 1402 1363 lectio
1425 1300 1626 1380 τατόμετροςε

1057 1412 1105 1475 cot
1128 1412 1205 1494 λέγει
1228 1421 1345 1476 τοῦτο
1368 1413 1467 1476 τιούκ
1489 1413 1572 1494 ἐμαί,

700 1529 757 1591 ubi
780 1545 894 1591 verum
919 1530 1055 1606 praebet
1077 1529 1123 1592 V:

1057 1641 1105 1703 coi
1127 1640 1204 1722 λέγει
1233 1637 1352 1720 τοῦτ’,
1381 1641 1453 1704 οὖν
1485 1641 1561 1722 ἐμαί.

700 1758 921 1832 Agnoscimus
943 1757 1072 1818 hiatum
1096 1758 1153 1833 qui
1175 1757 1286 1818 nullus
1309 1761 1382 1818 erat
1400 1758 1644 1829 (TOTTOOTK)
1663 1758 1696 1818 in
1716 1758 1745 1819 Β
1763 1759 1908 1834 paradicr·

699 1871 791 1932 thosi
814 1871 998 1948 expletum.

744 1985 828 2046 Item
860 1987 895 2046 in
917 1985 946 2045 V
969 1982 1044 2058 ἐστῌ
1066 1979 1185 2064 τ]ἆγάθ’
1212 1985 1298 2047 Plut.
1324 1986 1400 2063 593,
1424 1984 1536 2059 πάντ[α
1558 1980 1678 2066 τ]ἆγᾶθ’
1704 1985 1793 2048 Plut.
1822 1988 1909 2058 ll2l;

699 2099 817 2173 quibus
840 2098 923 2160 locis
947 2113 1064 2160 verum
1090 2099 1192 2160 habet
1211 2099 1252 2161 Β.

742 2213 780 2274 In
807 2227 951 2274 errorem
976 2211 1180 2274 contrarium
1199 2213 1316 2274 incidit
1334 2213 1363 2273 V
1381 2213 1444 2274 Av.
1465 2214 1549 2275 778:
1568 2213 1756 2291 αύμα<εά>
1779 2209 1801 2274 τ’
1825 2211 1910 2292 teuc

698 2326 828 2405 νήνεμος
863 2325 972 2405 αἴθρη,
1007 2331 1042 2389 et
1074 2327 1104 2388 R
1138 2328 1216 2403 Lyn.
1252 2327 1336 2389 277:
1370 2319 1448 2409 ᾤχετ’
1481 2325 1570 2405 ὅπλα,
1596 2327 1652 2389 ubi
1682 2327 1860 2390 articulum
1883 2330 1909 2387 et

698 2445 844 2504 metrum
867 2442 974 2518 poscit
997 2445 1031 2503 et
1053 2445 1249 2504 contextus:
1271 2440 1361 2524 ᾤχετο
1379 2439 1505 2518 aaut«,
1525 2443 1596 2503 veri
1615 2445 1730 2503 autern
1748 2441 1910 2520 vestigium

697 2557 732 2617 in
755 2557 827 2632 ipso
850 2556 879 2617 Β
900 2558 1013 2617 servat
1036 2550 1071 2614 -τ’
1100 2571 1167 2617 non
1188 2549 1233 2614 «θ’
1261 2555 1424 2631 scriptum
1442 2549 1476 2626 ¹).

741 2670 950 2732 correctores
993 2671 1095 2746 igitur
1130 2669 1279 2732 elisionis
1312 2670 1407 2746 signo
1440 2670 1663 2746 superscripto
1697 2669 1911 2732 huiuscemodi

697 2784 844 2860 syllabas
867 2787 983 2846 notare
1003 2785 1155 2845 solebant
1173 2787 1232 2845 aut
1251 2782 1343 2845 elisis
1362 2784 1605 2860 superscribere
1623 2784 1785 2862 integras,
1805 2785 1911 2846 librarii

696 2903 808 2961 autem
838 2899 1040 2960 recentiores
1069 2901 1244 2973 utramque
1275 2898 1441 2959 scribendi
1468 2899 1631 2960 rationem
1659 2900 1858 2961 coniunctim
1881 2898 1907 2956 in

695 3018 791 3076 textu
826 3014 1050 3076 exhibuerunt
1083 3014 1222 3090 passim.
1257 3012 1370 3074 Unum
1405 3014 1506 3074 etiam
1543 3013 1684 3075 addatur
1715 3015 1906 3091 exemplum,

695 3129 830 3190 Thesm.
855 3129 1045 3204 sta-844,
1070 3130 1126 3190 ubi
1148 3131 1183 3190 in
1206 3130 1235 3190 Β
1258 3115 1350 3191 haec
1364 3133 1444 3191 sunt
1465 3132 1622 3192 exarata:

873 3239 925 3301 cut
947 3242 1095 3316 δανείζειν
1117 3241 1293 3321 χρήματα
1316 3237 1353 3301 τ’·
1375 3239 1415 3321 ἣν
1438 3251 1524 3322 χρῆν,
1541 3233 1581 3321 ἦν
1604 3239 1752 3303 dmiccc}
1773 3263 1846 3319 ττνι,

945 3397 1129 3477 ἂφερεῑαθαε
1152 3399 1205 3484 βίᾳ
1228 3398 1264 3459 τὰ
1286 3399 1465 3478 χρήματα
1486 3393 1527 3478 τ’,
1546 3397 1687 3472 εἰπόντας
1709 3341 1786 3460 ccidi·
1808 3395 1862 3458 ττὲ.

695 3515 799 3576 Nemo
828 3530 894 3576 nun
925 3515 1016 3576 videt
1047 3515 1100 3575 bis
1129 3514 1343 3576 scribendum
1373 3529 1449 3576 esse
1477 3507 1599 3594 χρήματ’
1617 3507 1653 3585 ’).
1682 3514 1722 3575 In
1743 3513 1905 3586 archetypo

695 3687 767 3746 erat
789 3641 924 3763 χρήματα
947 3686 1006 3744 aut
1027 3639 1166 3762 χρήματος.

738 3798 851 3873 Itsqus
892 3813 958 3858 non
999 3797 1189 3858 coniectura
1222 3797 1281 3858 sed
1315 3798 1507 3859 certissima
1539 3800 1592 3859 est
1626 3797 1821 3872 emendatio,
1851 3807 1906 3869 qua

695 3911 842 3987 Elmsiey
864 3911 962 3986 Vesp.
991 3912 1053 3972 155
1076 3925 1196 3971 verum
1219 3911 1386 3972 restituit:

915 4017 1088 4101 φύλατθ’
1115 4022 1196 4096 ὅπως
1220 4022 1262 4100 μὴ
1285 4023 1340 4101 τὴν
1362 4025 1498 4103 βάλανον
1520 4022 1703 4103 ἐκτρώξεται,

693 4141 749 4203 ubi
778 4142 813 4202 in
845 4139 873 4200 V
903 4144 938 4201 et
968 4140 996 4200 Β
1026 4141 1079 4201 est
1103 4133 1330 4216 φυλάττητ’,
1355 4140 1437 4201 item
1460 4139 1525 4204 ivel
1548 4155 1625 4201 curn
1648 4155 1735 4201 novo
1758 4139 1834 4200 vitio
1854 4133 1903 4210 oi

692 4254 776 4318 ιαπὲ
797 4252 845 4326 θ’)
868 4257 902 4316 in
922 4255 1044 4317 ceteris
1066 4254 1245 4316 codicibus.
1270 4254 1478 4330 Singularem
1501 4268 1679 4314 numerum
1699 4253 1830 4328 requiri,
1847 4246 1902 4310 nisi

693 4373 893 4448 anapaestus
915 4373 1096 4432 testaretur
1119 4368 1264 4430 elumbis
1279 4363 1313 4444 8),
1336 4369 1515 4428 testaretur
1537 4370 1726 4429 contextus.
1750 4367 1830 4430 Olim
1850 4361 1903 4422 tuit

692 4479 831 4591 φύλατθτε.

725 4833 745 4896 ¹)
762 4837 835 4883 Inter
851 4833 1104 4896 hapiogrephsmatn
1120 4831 1202 4894 igitur
1218 4832 1268 4880 hcc
1285 4831 1408 4880 mendum
1426 4833 1538 4881 temese
1555 4831 1744 4880 recensendum
1759 4831 1818 4878 eret·

723 4911 745 4975 ²)
762 4917 901 4964 Praeterea
923 4917 945 4962 ot
966 4915 1094 4960 dauniorum
1113 4917 1140 4961 et
1161 4915 1319 4978 ἀφαιρεῖσθαι
1342 4913 1509 4960 wribendurn
1533 4925 1590 4960 sese
1610 4925 1689 4959 neno
1704 4925 1753 4959 non
1768 4907 1839 4956 videt
1854 4903 1899 4948 ΡΝ

692 4997 717 5056 ἢν
734 4999 820 5043 antem
836 4993 945 5053 Bentley
961 4993 1035 5040 dedit
1052 4988 1064 5054 ᾗ
1084 4998 1192 5054 propter
1208 4993 1288 5040 verbe
1304 4993 1453 5052 sequeutia,
1470 5005 1538 5050 quas
1552 5004 1633 5053 snpra
1649 4988 1790 5038 omittunt

724 5073 746 5134 ³)
763 5075 801 5122 Gi.
820 5089 878 5135 pag.
898 5077 957 5132 2⁰7,
976 5077 998 5121 Β.
