4375 6284
756 953 836 1000 vrna
859 955 899 1002 nr
923 955 1090 1002 ommes.
1492 941 1534 1000 55

318 1145 432 1192 arcana
452 1128 710 1205 pervestiganda
732 1127 808 1190 licet
832 1129 986 1192 audirent
1009 1133 1228 1207 spectatores,
1253 1126 1326 1189 fleri
1347 1141 1411 1188 non
1433 1126 1544 1201 potuit

319 1247 349 1304 ut
374 1242 513 1304 numina
541 1241 607 1302 ista
637 1241 823 1303 umbratica
852 1242 886 1303 in
909 1243 1080 1304 orchestra
1103 1242 1261 1318 adspecta
1282 1241 1370 1302 tanti
1392 1239 1536 1300 iacerent

317 1357 422 1430 quanti
445 1354 608 1431 agricolas
626 1354 701 1416 illos
720 1355 799 1416 altis
818 1355 1019 1418 clamoribus
1038 1358 1071 1418 in
1092 1356 1356 1432 Dicaeopolidem
1375 1356 1538 1414 irruentes

317 1473 345 1528 et
363 1469 482 1546 pugnis
503 1467 631 1530 baculis
653 1467 819 1543 lapidibus
843 1469 872 1530 ei
896 1471 1133 1548 comminatus,
1157 1469 1210 1532 vei
1234 1473 1365 1531 turmas
1388 1468 1534 1528 militum

315 1583 512 1656 equestrium
543 1583 577 1642 in
604 1581 848 1657 Paphlagonem
871 1599 974 1658 equos
997 1585 1038 1646 ab
1061 1582 1244 1646 artificibus
1266 1582 1407 1643 scenicis
1429 1580 1536 1657 lepide

315 1695 475 1756 coniectos
508 1697 630 1757 martio
671 1697 796 1772 impetu
831 1696 1046 1772 adigentium.
1087 1697 1147 1760 Rei
1182 1696 1334 1758 scenicae
1368 1694 1536 1769 aliquanto

315 1811 497 1886 peritiorem
529 1811 606 1870 ante
637 1825 741 1871 annos
770 1811 952 1872 nonnullos
983 1826 1019 1872 se
1042 1810 1238 1887 praebuerat
1262 1807 1417 1870 Cratinus
1439 1806 1536 1882 longo

314 1939 369 1984 usu
405 1923 556 2000 edoctus,
589 1939 664 1985 cum
703 1925 878 1984 Πανοπτῶν
909 1925 1047 1987 chorum
1082 1925 1116 1985 in
1151 1924 1358 1986 orchestram
1392 1921 1535 1983 induxit.

314 2035 451 2112 Quorum
474 2037 647 2098 hominum
670 2053 792 2099 nomen
815 2038 891 2112 quid
913 2039 977 2100 sibi
996 2038 1098 2100 vellet
1116 2037 1243 2099 nemini
1262 2037 1440 2097 obscurum
1459 2049 1533 2095 esse

313 2152 451 2226 poterat,
476 2151 581 2211 oculis
605 2149 694 2212 enim
718 2166 776 2228 per
798 2153 908 2213 totum
927 2167 1047 2230 corpus
1065 2152 1177 2213 ornati
1195 2149 1361 2224 quaelihet
1378 2148 1536 2224 pervesti-

312 2264 406 2338 gandi
432 2266 533 2338 atque
562 2263 734 2326 scrutandi
762 2264 911 2327 studium
933 2266 1061 2327 ludicra
1083 2266 1194 2342 specie
1216 2278 1295 2341 pras
1317 2278 1354 2325 se
1377 2262 1535 2324 terebant.

313 2377 376 2438 Hoc
393 2378 530 2439 demum
548 2379 697 2439 iocorum
717 2392 836 2453 genere
854 2379 978 2455 peritui
997 2381 1128 2456 poterat
1147 2378 1383 2440 obtusissimus
1398 2377 1535 2449 quisque

311 2491 393 2553 inter
409 2493 628 2567 spectatores.
648 2491 826 2566 Aliquanto
846 2492 969 2553 salsius
987 2507 1093 2554 novae
1112 2492 1280 2553 doctrinae
1299 2489 1538 2564 antesignanos

311 2605 379 2665 risit
397 2605 651 2682 Aristophanes,
671 2606 730 2666 sed
749 2605 957 2667 theatrorum
976 2605 1114 2682 plausus
1136 2605 1300 2667 Gratineis
1319 2603 1386 2665 illis
1405 2603 1536 2664 facetiis

311 2717 437 2780 facilius
460 2723 495 2781 et
517 2718 597 2781 olim
622 2720 840 2796 captabantur
862 2724 897 2782 et
918 2737 1007 2783 nunc
1030 2725 1217 2799 captantur.

351 2833 397 2894 Ut
418 2834 539 2895 chorus
557 2833 715 2913 Nubium,
735 2836 785 2896 sic
805 2836 863 2913 vir,
886 2836 942 2911 qui
960 2835 1095 2897 illarum
1116 2836 1290 2896 alumnum
1310 2837 1409 2909 atque
1428 2847 1533 2893 sacer·

311 2946 417 3008 dotem
448 2963 485 3010 se
516 2946 740 3027 profitebatur,
771 2965 838 3010 non
869 2965 911 3012 ex
941 2950 1014 3026 ipsa
1037 2951 1109 3011 vita
1139 2952 1212 3012 erat
1243 2949 1427 3010 desumtus.
1451 2947 1533 3007 Nam

311 3061 459 3136 quicquid
497 3061 647 3138 ridicule,
684 3063 838 3138 quicquid
878 3065 1084 3140 contemtim,
1121 3063 1274 3137 quicquid
1315 3061 1461 3137 maligne
1495 3060 1534 3122 de

311 3175 467 3250 sophistis
486 3176 689 3250 quibuslibet
707 3177 832 3238 dictum
852 3182 911 3239 aut
930 3176 1044 3238 ilatum
1067 3177 1178 3239 iuerat
1196 3191 1354 3252 unquam,
1376 3177 1410 3237 in
1429 3189 1533 3235 unum

310 3287 402 3349 illum
431 3290 619 3366 hominem,
651 3305 749 3364 quem
779 3290 813 3351 in
843 3291 968 3368 pulpito
1000 3291 1165 3368 exhibuit,
1197 3307 1237 3352 ea
1259 3291 1372 3352 omnia
1395 3287 1537 3350 contulit

311 3405 413 3475 poeta.
434 3402 573 3478 ineptus
593 3405 626 3463 et
645 3403 794 3464 tumidus
813 3406 848 3465 et
865 3403 929 3465 sibi
948 3405 1155 3482 perplacens,
1177 3419 1298 3465 avarus
1318 3410 1352 3464 et
1365 3402 1537 3477 improbus

311 3517 343 3575 et
371 3515 542 3591 squalidus
573 3518 607 3578 et
636 3517 713 3591 quid
740 3532 804 3578 non
830 3519 883 3578 est
904 3519 964 3595 vir,
989 3533 1087 3593 quern
1112 3519 1146 3580 in
1168 3517 1290 3580 lectulo
1314 3516 1535 3578 lucubratorio

312 3629 436 3690 atrahe
454 3644 669 3706 suspensum,
694 3631 812 3707 quippe
836 3631 1017 3693 sublimem
1038 3632 1078 3693 de
1100 3631 1199 3693 rebus
1218 3631 1419 3692 sublimibus
1436 3629 1537 3690 medi·

311 3743 451 3820 tantem,
483 3743 727 3820 spectatoribus
750 3744 964 3806 deridendum
987 3745 1134 3806 comicus
1157 3745 1357 3820 propinavit.
1381 3741 1440 3803 (lui
1464 3758 1537 3803 cum

311 3853 522 3931 sophronisci
544 3855 612 3918 tilio
635 3860 765 3934 praeter
787 3873 906 3920 nomen
932 3862 965 3920 et
988 3859 1119 3920 vultum
1142 3858 1226 3920 nihil
1249 3873 1324 3920 esse
1346 3871 1537 3932 commune,

312 3983 376 4029 uno
404 3986 459 4032 cre
489 3971 679 4033 clamarunt
705 3972 891 4047 quicunque
913 3972 1114 4033 familiarius
1135 3972 1194 4033 illo
1216 3972 1403 4048 utebantur,
1429 3971 1536 4030 virum

310 4082 374 4143 sibi
396 4100 510 4147 carum
534 4087 604 4146 tarn
627 4089 780 4163 proterve
804 4086 838 4147 in
861 4087 994 4148 theatro
1012 4086 1161 4148 vellicari
1180 4086 1362 4162 indignati;
1383 4087 1438 4161 qui
1457 4100 1537 4146 vero

311 4211 375 4258 non
397 4203 518 4261 norant
540 4200 725 4276 Socratem,
750 4201 898 4262 riserunt
921 4201 1053 4274 quidem
1076 4200 1312 4276 philosophum
1336 4200 1431 4260 illum
1455 4200 1542 4259 inter

312 4312 393 4372 tecti
419 4313 515 4389 tigna
546 4329 606 4375 ceu
636 4314 760 4390 gallum
793 4313 1013 4390 gallinaceum
1038 4315 1227 4390 degentem,
1252 4315 1311 4375 sed
1335 4330 1410 4376 eum
1435 4328 1540 4388 neque

312 4422 420 4499 ipsum
443 4427 615 4488 hominem
639 4428 814 4502 quicquam
833 4431 1001 4505 curarent,
1023 4444 1129 4503 neque
1149 4430 1390 4490 astronomiam
1409 4443 1539 4502 geome-

311 4537 409 4599 triam
443 4541 679 4617 geographiam
715 4543 844 4602 ceteras
879 4544 983 4618 artes,
1019 4543 1139 4616 quibus
1169 4541 1316 4603 colendis
1347 4542 1402 4602 ille
1432 4544 1537 4604 vitam

311 4649 471 4714 inutiliter
506 4654 671 4715 videretur
714 4657 834 4731 terere,
879 4655 1069 4731 languidam
1109 4655 1276 4717 duxerunt
1317 4655 1462 4717 tabulam
1498 4657 1539 4717 de

314 4763 449 4828 obscuro
471 4767 636 4830 nebulone
660 4771 830 4846 scriptam.

357 4877 420 4940 Sed
448 4881 627 4943 hebetioris
659 4883 781 4958 ingenii
811 4887 1016 4962 spectatores
1045 4900 1130 4960 quae
1154 4886 1266 4945 minus
1289 4886 1432 4946 fortasse
1455 4886 1538 4946 dele·

314 4995 443 5057 statura
463 5000 535 5059 erat
559 4995 683 5076 fabula,
711 5013 731 5058 a
750 5013 848 5059 musa
867 5001 956 5060 certe
976 5015 1017 5060 ne
1036 5001 1253 5061 damnaretur
1274 4999 1452 5061 verendum
1476 5015 1540 5059 non
