4375 6284
768 873 810 918 DE
834 874 941 919 TEXTU
964 873 1117 919 ratoldo.

621 1204 659 1281 6)
680 1205 735 1265 De
758 1206 985 1280 permutetis
1006 1205 1112 1267 sonia
1132 1228 1163 1274 et
1184 1211 1222 1268 et
1244 1229 1266 1277 t·

370 1392 481 1453 Etiam
516 1408 618 1455 sonos
648 1414 673 1453 ει
704 1396 739 1456 et
768 1414 779 1451 ι
809 1391 1006 1467 saepissime
1036 1392 1219 1468 permutari
1249 1407 1366 1455 omnee
1389 1392 1557 1454 novimus.

329 1505 488 1582 Exemplo
512 1507 557 1569 eit
580 1508 666 1582 quod
690 1507 725 1568 iu
746 1506 775 1567 R
799 1508 851 1567 est
873 1505 949 1580 Lys.
975 1507 1058 1567 631:

506 1615 566 1681 ἀλλ’
587 1619 662 1698 ἐμοῦ
685 1617 741 1698 μὲν
764 1619 802 1682 οὗ
825 1620 1115 1700 τυραννεύσουσιν·
1139 1617 1202 1681 ίπί
1225 1619 1407 1697 φυλάξομαι.

326 1734 456 1796 Immo:
481 1732 519 1796 οίι
542 1729 794 1815 τυραννευοουί·
818 1731 904 1794 ἐπεί
926 1732 1144 1812 φυλάξομαι.

368 1848 497 1910 Similia
521 1865 613 1912 error
636 1851 670 1910 iu
693 1849 721 1911 R
744 1850 883 1926 paratur
907 1847 990 1909 Nub.
1015 1848 1099 1910 862:

508 1956 565 2024 οἷδ’
593 1961 716 2036 ίξετει
739 1980 788 2024 σοι
810 1962 1004 2044 τραυλίσαντι
1026 1961 1207 2040 πιθόμενος,

325 2079 536 2154 perpetratus
560 2080 613 2140 eet
636 2078 671 2140 in
694 2078 740 2139 V:

505 2184 563 2252 οἶδ’
590 2189 692 2265 ἐξίτι
715 2208 763 2253 σοι
785 2189 843 2253 art.

369 2305 478 2367 Pudet
504 2305 572 2367 lere
601 2305 803 2382 adscribere,
831 2302 953 2378 ἑξέτει
977 2320 1051 2366 esee
1074 2305 1107 2366 id
1130 2306 1217 2381 quod
1239 2305 1375 2367 dederat
1397 2306 1555 2368 comicus.

368 2421 442 2482 Non
477 2421 590 2481 minue
623 2420 718 2481 foedo
748 2420 831 2481 vitio
863 2421 1039 2496 corruptus
1070 2423 1123 2481 eat
1151 2418 1238 2481 Eccl.
1265 2421 1339 2497 167,
1363 2420 1419 2481 ubi
1441 2419 1556 2481 ἐκεῖνον

326 2533 362 2594 ei
380 2556 413 2594 τι
438 2531 577 2612 βλέψασα
608 2535 699 2596 dedit
729 2533 851 2595 codicia
875 2534 903 2594 R
926 2532 1094 2610 librarius,
1128 2531 1191 2593 ἔτι
1217 2531 1356 2612 βλέψασα
1379 2536 1554 2611 corrector,

326 2645 521 2728 ἐπιβλέψασα
540 2650 644 2711 codex
656 2652 689 2708 Γ.
709 2648 834 2710 Verum
856 2648 1004 2710 restituit
1019 2647 1186 2722 illmeley:
1207 2645 1387 2709 ἐιιινινί
1405 2646 1552 2727 βλέψασα.

368 2762 485 2825 Etiam
509 2761 610 2824 lectio
632 2763 792 2824 hodierna
814 2762 900 2824 Eccl.
927 2763 990 2823 202
1014 2763 1064 2824 eic
1086 2767 1140 2823 eet
1161 2764 1256 2823 nata:

507 2876 638 2955 οοοτηρία
660 2874 850 2957 παρέκυψεν,
871 2871 931 2936 ἀλλ’
958 2873 1130 2956 ὁρίζεται
1150 2873 1155 2954 Ι
1179 2875 1403 2954 Θρασύβουλος.

369 2991 425 3053 Sic
455 2991 489 3050 Γ.
518 2991 672 3053 Etiamne
696 2990 748 3052 R?
782 2992 854 3053 Nou
882 2992 944 3068 ita,
969 2990 1026 3052 aed
1049 2984 1110 3050 ἀλλ’
1138 2990 1342 3068 αρειζειαι.
1365 2990 1550 3051 Monstrum

322 3104 464 3166 feliciter
486 3105 680 3181 procuravit
702 3105 873 3166 Hermann
897 3104 1070 3166 scribendo
1093 3097 1153 3163 ἀλλ’
1179 3098 1386 3182 ὀργίζεται.
1408 3103 1552 3164 Litterae

322 3229 366 3286 ΙἹ
382 3229 417 3288 ln
440 3225 490 3287 el
509 3225 632 3302 abiere,
655 3227 731 3288 hinc
750 3227 1014 3303 paradiorthosis
1032 3226 1157 3288 bellum
1176 3227 1258 3288 illud
1274 3222 1400 3305 ὁρίζεται
1412 3227 1551 3289 effinxit.

365 3340 525 3402 Eiusdem
549 3340 675 3402 ferinae
699 3343 752 3402 eat
775 3357 804 3408 e.
828 3358 858 3417 g.
883 3342 917 3402 in
942 3341 970 3400 V
994 3344 1027 3402 et
1050 3341 1084 3402 in
1108 3340 1153 3402 R:
1178 3340 1208 3400 τί
1228 3332 1286 3402 οὖν
1306 3344 1340 3403 et
1359 3340 1389 3401 ιί
1406 3339 1551 3401 ιοιιιεί-

322 3458 450 3530 θομαι
484 3455 568 3515 Nub.
593 3455 634 3516 87
671 3455 770 3530 Vesp.
803 3456 866 3516 761
903 3470 961 3531 pro
996 3455 1026 3514 τί
1057 3445 1115 3515 οὖν
1149 3457 1183 3517 et
1216 3454 1247 3515 τί
1279 3471 1328 3515 σοι
1360 3454 1551 3531 πίθωμαι.

322 3569 431 3630 iltiam
463 3577 614 3628 πεινῶντα
645 3569 734 3631 Plut.
760 3570 823 3630 297
857 3571 1019 3646 scriptum
1048 3585 1108 3645 pro
1139 3577 1319 3629 πινῶντα
1352 3569 1548 3646 romulidam,

322 3683 409 3758 quod
432 3683 581 3744 restituit
610 3683 756 3760 Brunck,
788 3684 842 3744 hic
865 3683 1081 3745 afferendum.
1107 3683 1223 3759 Qualia
1246 3685 1301 3759 qui
1324 3683 1433 3745 multa
1455 3683 1552 3745 offen·

323 3799 387 3867 dit,
412 3798 573 3860 audacem
596 3814 662 3861 non
686 3799 773 3860 dicet
797 3799 1022 3861 coniecturam
1046 3800 1181 3861 Theam.
1205 3800 1266 3861 21:

502 3911 620 3972 θεῖόν
643 3910 674 3971 τί
694 3912 756 3973 που
779 3909 860 3972 ἐστιν
885 3911 918 3971 αἱ
941 3910 1037 3990 σοφαί
1060 3914 1231 3992 ξυνουσίαι,

326 4027 380 4089 ubi
405 4019 496 4088 οἷον
519 4029 573 4089 eat
595 4028 629 4089 in
654 4027 696 4089 lt:
724 4027 990 4088 ΟΙΟΝ-ΘΙΟΝ,
1013 4029 1084 4090 Vel.
1108 4028 1165 4105 loq.
1191 4030 1254 4090 327

502 4139 692 4219 aedelredo·
717 4136 732 4200 ὁ
758 4135 786 4200 d’
808 4135 1001 4220 Ἱπποδάμου
1024 4140 1212 4220 θλίβεται
1235 4142 1390 4221 θεώμενος

325 4271 382 4330 pro
407 4254 559 4316 codicum
584 4255 724 4317 lectione
747 4253 935 4333 λείβεται.
961 4255 1008 4316 ua
1025 4257 1135 4332 primo
1158 4257 1220 4318 loco
1242 4259 1327 4319 ecdea
1349 4255 1474 4335 (σίτου),
1497 4259 1552 4320 eed

324 4369 404 4429 inter
421 4369 583 4445 popellum
605 4370 700 4430 nimie
722 4373 792 4431 arto
814 4370 877 4431 loco
900 4371 980 4432 cedei
1004 4369 1259 4447 Arcteptolcmae
1276 4373 1326 4433 cir
1342 4373 1450 4449 ρταυίο
1468 4376 1495 4433 ct
1513 4373 1551 4434 de

320 4484 428 4558 οαίτία
451 4484 563 4559 optimc
586 4487 717 4545 mellae
740 4485 1271 4560 (ΘΛΕΙΒΕΤΑί-ΛΕΙΒΕΤΑΙ).

588 4763 625 4840 7)
646 4764 701 4824 De
721 4763 864 4826 litteris
884 4776 923 4824 αι
944 4767 981 4825 et
1001 4777 1027 4825 α
1047 4767 1287 4840 permutatis.

367 4939 438 5000 Non
472 4943 604 5015 proptor
626 4955 778 5001 τοπονιιυι
800 4941 858 5002 sed
881 4943 1013 5017 propter
1035 4942 1189 5004 ουτίιινπι
1211 4942 1468 5004 similitudinem
1491 4943 1552 5004 fre·
