4375 6284
752 934 830 979 vrrs
854 935 893 980 ar
917 936 1085 982 erusteus.
1489 913 1530 974 87

316 1115 344 1168 ut
370 1108 618 1182 Acharneneoe,
650 1109 778 1168 ornata.
811 1105 900 1181 Quas
931 1122 996 1168 non
1029 1106 1095 1166 lam
1131 1103 1313 1167 callistrati
1341 1101 1398 1161 sed
1429 1098 1534 1175 ipsius

315 1221 537 1296 Aristophanis
566 1219 631 1280 luit
661 1218 751 1291 laus;
783 1216 937 1280 Cratinus
968 1220 1081 1279 autem
1113 1231 1216 1279 senex
1246 1214 1430 1291 praelatum
1455 1210 1533 1285 sibi,

315 1337 344 1392 ut
364 1349 451 1395 anno
474 1333 597 1409 priore,
622 1332 705 1393 sidit
727 1334 859 1407 poetam
882 1331 1049 1393 iuvenem.

351 1445 452 1521 Quam
484 1447 630 1508 iudicum
662 1445 868 1506 scenicorum
900 1444 1101 1505 seutentiam
1128 1444 1207 1516 quin
1231 1443 1379 1515 iniquam
1403 1439 1535 1500 duxerit

313 1557 459 1620 dratinus
482 1559 622 1620 minime
646 1560 699 1619 est
722 1557 869 1619 dubium.
895 1557 1016 1618 llratue
1040 1559 1152 1618 autem
1175 1554 1302 1630 aequa?

351 1671 503 1733 Fortasse
532 1672 640 1732 sallus
671 1673 743 1732 crat
766 1670 849 1730 nihil
872 1670 1035 1732 eiusmodi
1058 1683 1207 1745 rogasse,
1232 1668 1388 1741 quoniam
1413 1677 1535 1738 anceps

311 1800 436 1860 semper
465 1785 505 1845 de
535 1785 617 1846 artis
648 1784 800 1860 operibus
830 1788 883 1846 est
912 1783 1069 1844 iudicium
1101 1797 1207 1856 neque
1237 1781 1337 1842 certis
1365 1777 1532 1840 mensuris

313 1898 357 1958 rel
378 1898 579 1974 ponderibus
602 1898 759 1959 adhibitis
781 1899 892 1973 potest
911 1895 1008 1972 offici,
1028 1898 1069 1958 de
1087 1897 1187 1956 huius
1206 1898 1318 1956 autem
1340 1891 1533 1954 certaminis

311 2013 420 2086 poetici
451 2014 575 2072 eventu
606 2011 813 2086 argumentis
842 2010 953 2072 allatis
985 2010 1148 2085 disputari
1179 2025 1220 2070 ue
1251 2010 1362 2084 potest
1385 2005 1532 2081 quidem,

310 2126 415 2198 nequit
450 2125 539 2187 enim
573 2124 687 2185 tabula
720 2124 953 2199 Aristophanis
987 2124 1085 2186 hodie
1121 2123 1261 2185 conferri
1295 2136 1370 2182 cum
1405 2118 1531 2181 Cratini

310 2238 416 2299 tabula
449 2239 627 2314 deperdita.
670 2238 707 2299 Id
724 2279 727 2286 -
742 2243 856 2299 tamen
894 2238 1112 2299 manifestum
1148 2240 1214 2314 est,
1249 2251 1270 2298 a
1303 2235 1436 2297 scenica
1468 2233 1532 2292 irac

311 2351 443 2412 victoria
471 2352 611 2413 minime
642 2352 767 2413 aluisse
797 2351 910 2413 studia
932 2352 1078 2426 partium
1103 2351 1264 2412 civilium.
1288 2350 1373 2410 Nam
1397 2363 1436 2409 eo
1459 2362 1531 2409 con·

310 2464 377 2526 silio
409 2465 543 2539 liquites
573 2465 720 2527 tabulam
743 2467 877 2542 scripsit
900 2466 1142 2541 Aristophanes
1164 2469 1203 2526 ut
1225 2467 1335 2528 certae
1359 2460 1531 2526 cuiusdam

311 2578 460 2640 factionis
490 2578 661 2654 opiniones
692 2579 725 2638 iu
749 2579 880 2639 theatro
903 2579 1015 2655 palam
1038 2579 1214 2656 proterret,
1237 2593 1321 2653 quas
1344 2575 1534 2654 prolocutus

312 2695 359 2752 est
381 2692 492 2753 verbis
522 2692 641 2753 tacetis
664 2693 794 2767 quidem
820 2695 854 2753 et
877 2692 1053 2768 aculeatis,
1079 2726 1120 2737 -
1145 2693 1258 2768 plures
1281 2692 1383 2753 etlam
1406 2687 1535 2762 siquis

313 2804 379 2865 vult
401 2807 434 2866 iu
459 2821 535 2866 eum
560 2806 674 2868 laudes
698 2807 862 2868 conferto!
879 2853 885 2868 .
901 2851 907 2870 .
923 2853 930 2868 .
944 2808 974 2868 si
997 2807 1094 2869 modo
1120 2806 1232 2883 addat,
1257 2806 1289 2867 id
1313 2804 1399 2879 quod
1421 2799 1532 2876 negari

311 2919 433 2996 nequit,
465 2919 611 2981 violenta
640 2921 893 2994 truculentaque
928 2921 1071 2983 dictione
1106 2920 1293 2981 libellorum
1328 2920 1534 2980 famosorum

311 3045 413 3094 usum.
445 3031 495 3093 Ex
522 3033 591 3094 acri
618 3033 762 3108 partium
787 3035 996 3096 contentione
1011 3017 1140 3110 'prodiit
1162 3033 1272 3094 tabula
1294 3029 1533 3093 maledicentis·

310 3145 405 3222 sima,
437 3147 477 3207 dc
506 3161 571 3220 qua
601 3147 770 3208 sententia
795 3149 867 3209 sine
890 3149 940 3209 ira
963 3149 1021 3208 aut
1042 3148 1153 3210 studio
1176 3148 1255 3208 terri
1278 3145 1382 3207 nihilo
1404 3143 1535 3206 facilius

310 3259 413 3331 potuit
442 3275 542 3334 quam
573 3261 613 3321 de
643 3261 730 3337 ipso,
761 3262 818 3335 qui
847 3262 953 3322 tantis
977 3261 1173 3322 criminibus
1196 3259 1379 3336 petebatur,
1404 3256 1534 3319 Cicone.

312 3369 409 3444 Quam
428 3372 492 3433 sibi
511 3372 605 3433 utilis
624 3375 714 3436 esset
733 3377 810 3435 ante
830 3375 941 3435 omnia
963 3374 1124 3450 rogabant
1139 3372 1362 3448 quiGleoncm
1382 3372 1533 3447 oderant,

310 3499 404 3556 quam
434 3485 581 3561 maligna
611 3487 666 3561 qui
698 3502 718 3548 a
749 3489 842 3562 parte
876 3487 1013 3549 stabant
1048 3489 1230 3549 contraria:
1266 3487 1395 3548 satisne
1423 3485 1536 3561 pulcra

311 3601 396 3659 esest
415 3599 562 3675 plerique
584 3601 695 3660 minus
718 3600 887 3664 curabant.

353 3711 438 3774 uelle
468 3713 637 3775 calamum
667 3714 814 3776 tinxerat
844 3718 943 3790 poeta
974 3715 1121 3777 comicus
1151 3716 1236 3777 hanc
1267 3731 1343 3777 cum
1374 3714 1536 3778 scriberet

311 3823 467 3888 tabulam:
499 3827 578 3888 altis
609 3827 810 3889 clamoribus
842 3828 997 3903 durisque
1029 3830 1145 3904 iurgiis
1175 3832 1248 3890 tum
1281 3845 1356 3890 cum
1388 3832 1464 3890 acta
1486 3829 1538 3889 est

312 3942 451 4000 resonuit
479 3941 659 4002 theatrum.
693 3941 954 4003 Mordacissimis
983 3943 1113 4018 probris
1137 3942 1407 4018 proscindebatur
1431 3941 1537 4003 Bullio

312 4051 421 4127 Populi
439 4055 531 4136 senis
551 4055 770 4130 mancipium,
791 4072 856 4118 non
877 4055 976 4118 Cleon
997 4057 1143 4131 partium
1163 4055 1372 4132 popularium
1385 4056 1469 4116 dux:
1490 4055 1538 4116 sic

313 4167 462 4228 nimirum
496 4168 628 4230 volebat
658 4185 749 4244 mos;
781 4170 839 4232 sed
870 4169 947 4232 licto
978 4170 1034 4232 illo
1066 4171 1201 4231 nomine
1231 4169 1313 4231 nihil
1343 4168 1536 4230 mutabatur

312 4279 435 4344 tabulae
457 4286 694 4356 argumentum
720 4287 777 4344 aut
801 4284 969 4346 materies.
994 4284 1226 4359 Aperiissimis
1249 4282 1441 4344 criminibus
1463 4284 1539 4342 inde

312 4391 349 4452 ab
383 4393 476 4456 initio
512 4410 616 4470 usquc
647 4395 687 4457 od
720 4398 850 4458 exitum
881 4397 1058 4473 petebatur
1086 4397 1116 4457 is
1147 4397 1203 4470 qui
1234 4411 1404 4457 summam
1439 4397 1472 4456 in
1502 4411 1539 4456 rc

313 4504 436 4578 publica
457 4507 644 4582 obtinebat,
669 4510 702 4570 ln
726 4525 867 4572 amoena
893 4512 1006 4571 autem
1030 4509 1141 4584 aliqua
1164 4511 1307 4571 iocorum
1333 4508 1539 4570 deverticula

313 4633 352 4678 ne
382 4619 426 4682 ita
455 4625 493 4682 ui
524 4637 610 4683 anno
640 4623 791 4697 proximo
823 4624 992 4686 aberraret
1014 4626 1112 4699 poeta
1139 4637 1352 4698 summopere
1387 4625 1536 4696 caverat,

314 4733 401 4792 recta
428 4735 480 4796 ria
506 4737 548 4796 ad
573 4738 729 4797 eventum
752 4741 888 4799 strenue
912 4752 1102 4812 properans.
1126 4737 1216 4798 Inter
1240 4736 1457 4798 acerbissima
1478 4735 1536 4795 ills

314 4845 416 4920 iurgia
449 4851 482 4910 ei
511 4849 652 4910 crimina
682 4865 747 4912 non
779 4854 851 4911 erat
881 4850 975 4912 locus
1005 4851 1088 4912 risui
1119 4851 1270 4926 benigno.
1304 4883 1343 4894 -
1378 4849 1535 4925 ,Perinde

316 4961 410 5032 atque
432 4977 548 5024 canem
572 4961 685 5038 flagris
708 4965 741 5025 tc
764 4964 974 5026 concidam”l
1001 4995 1041 5008 —
1070 4963 1128 5039 ,In
1150 4962 1357 5037 sterquilinio
1381 4976 1440 5022 ceu
1464 4976 1536 5039 pur·
