4375 6284
673 927 735 988 144
1188 941 1230 987 nn
1252 940 1378 987 roman

713 1115 799 1178 Nam
833 1116 868 1177 ln
901 1116 1049 1178 civitatis
1081 1114 1230 1176 moribus
1264 1119 1298 1177 et
1327 1115 1494 1178 institutis
1524 1116 1610 1178 haud
1640 1131 1745 1194 pauca
1773 1115 1883 1178 mutari

670 1233 822 1306 oportere
844 1229 954 1306 magis
976 1229 1148 1305 magisque
1171 1244 1368 1305 persuasum
1393 1227 1492 1290 flebat
1511 1231 1681 1306 omnibus,
1701 1230 1756 1305 qui
1773 1229 1886 1306 patriae

670 1344 753 1404 bene
775 1343 900 1405 vellent
921 1344 1062 1406 necdum
1085 1359 1180 1419 spem
1203 1344 1404 1419 posuissent.
1426 1343 1540 1405 Prisca
1562 1347 1675 1406 autem
1695 1345 1752 1420 qui
1768 1341 1886 1405 restitui

671 1459 771 1520 etiarn
795 1458 947 1519 iuberent
968 1457 1049 1518 nulli
1073 1459 1185 1532 erant;
1209 1471 1288 1518 nam
1312 1472 1396 1534 pons
1415 1457 1481 1534 ille,
1501 1471 1559 1534 per
1576 1472 1675 1533 quem
1695 1456 1735 1519 ad
1753 1455 1887 1518 Cimonis

671 1572 844 1634 Solonisve
866 1586 987 1632 aevum
1012 1570 1111 1632 rediri
1134 1585 1232 1647 posse
1255 1570 1497 1648 Aristophanes
1519 1571 1599 1633 olim
1623 1585 1699 1632 eum
1718 1570 1793 1632 aliis
1808 1571 1887 1647 puta-

671 1689 779 1763 verat,
798 1686 969 1748 diifractus
988 1684 1050 1746 sub
1070 1684 1243 1747 ruderibus
1258 1684 1457 1762 sepeliverat
1468 1685 1628 1747 mortales
1638 1684 1726 1746 male
1738 1683 1887 1758 credulos,

606 1792 609 1798 “
671 1802 728 1875 qui
749 1801 827 1862 illac
849 1800 1068 1862 tetenderant.
1092 1800 1157 1862 Sed
1180 1814 1267 1862 nora
1289 1799 1489 1876 appetebant
1510 1799 1664 1876 piurimi;
1688 1797 1887 1875 reipublicae

671 1916 936 1991 temperamento
955 1913 1066 1988 qualia
1080 1917 1252 1991 nocerent,
1266 1929 1326 1976 suo
1339 1914 1459 1976 damno
1471 1915 1654 1976 didicerant
1665 1913 1887 1976 Athenienses:

670 2029 784 2090 sedulo
806 2029 875 2089 iam
898 2026 1144 2102 quaerebantur
1169 2043 1251 2102 quae
1275 2027 1431 2104 prodesse
1453 2015 1614 2105 possent.¹

717 2142 828 2215 Neque
850 2141 983 2202 defuere
1005 2140 1062 2214 qui
1084 2141 1224 2203 consilia
1241 2141 1426 2219 proterrent
1445 2156 1511 2210 non
1529 2143 1650 2218 rogatll
1670 2141 1756 2202 Nam
1768 2139 1889 2202 morbus

673 2270 736 2330 quo
759 2257 812 2316 est
829 2256 950 2317 senatu
969 2253 1142 2332 difficilior,
1163 2270 1201 2317 eo
1221 2254 1333 2331 plures
1351 2255 1472 2317 habers
1491 2255 1578 2317 solet
1595 2254 1757 2332 medicos,
1775 2257 1888 2316 certum

673 2369 857 2430 remedium
877 2366 1074 2443 praebentes
1094 2382 1226 2445 omnes,
1245 2368 1462 2430 alludentem
1484 2369 1550 2430 alti.
1567 2369 1630 2431 Sed
1641 2371 1771 2446 praeter
1782 2365 1891 2429 sciolos

673 2481 827 2556 loquaces
857 2485 891 2542 01
922 2480 1056 2543 rabulas
1087 2482 1380 2558 circumforaneos,
1415 2483 1517 2544 etiarn
1547 2482 1608 2544 viri
1631 2497 1753 2559 graves
1773 2485 1806 2542 et
1826 2493 1889 2556 pru·

674 2595 792 2656 dentes
825 2597 860 2655 et
893 2593 1019 2670 patriae
1049 2610 1127 2656 vere
1158 2598 1312 2657 amantes
1342 2596 1381 2657 ds
1409 2595 1560 2672 publicae
1582 2597 1793 2671 privataeque
1812 2593 1892 2654 ritae

674 2708 857 2769 rationibus
879 2708 1094 2770 emendandis
1118 2709 1306 2785 cogitarunt
1328 2713 1362 2771 et
1383 2710 1605 2785 disputarunt.
1624 2708 1769 2785 Quorum
1786 2708 1892 2769 menti·

674 2824 737 2885 bue
766 2838 849 2897 quae
875 2823 1094 2885 versabantur
1124 2823 1309 2886 cuiusmodi
1339 2823 1472 2901 fuerint,
1504 2824 1599 2885 docet
1629 2822 1831 2899 praeclarum
1857 2821 1892 2880 de

673 2954 709 2999 re
728 2937 860 3014 publiea
877 2938 960 2998 bene
979 2937 1185 2999 instituenda
1204 2937 1417 3015 colloquium,
1438 2937 1524 3012 quod
1544 2937 1696 2998 Socrates
1716 2935 1893 2997 Platonicus

674 3054 710 3113 et
732 3050 881 3114 nonnulli
904 3067 947 3112 ex
970 3049 1163 3125 aequalibus
1188 3049 1376 3112 habuerunt
1398 3049 1432 3111 in
1456 3049 1589 3126 cephali
1612 3049 1759 3112 aedibus.

719 3165 902 3227 senescens
932 3166 1044 3226 autem
1074 3165 1172 3240 poeta
1201 3163 1347 3226 comicus
1377 3163 1455 3225 dum
1486 3164 1627 3240 adspicit
1656 3165 1748 3226 eires
1769 3162 1846 3224 vilia
1864 3163 1892 3222 et
1961 3163 1962 3166 ’

676 3277 817 3339 humilia
848 3279 1031 3353 sectantes,
1066 3276 1146 3338 vilia
1180 3278 1378 3354 ancipitisve
1408 3279 1586 3354 potestatis
1619 3277 1766 3339 remedia
1794 3275 1892 3337 rendi·

676 3396 788 3454 tentes
818 3392 858 3453 ad
882 3393 1009 3468 patriae
1032 3391 1145 3453 ulcera
1166 3392 1328 3469 sananda,
1352 3407 1438 3454 noro
1462 3391 1577 3454 ardore
1599 3391 1728 3467 poetico
1750 3391 1894 3452 incensus

676 3521 760 3583 opus
793 3505 957 3580 quoddam
987 3508 1065 3566 ante
1095 3519 1200 3566 annos
1230 3505 1349 3582 viginti
1378 3508 1572 3582 susceptum
1605 3506 1786 3567 continuat
1819 3505 1892 3564 Nam

675 3620 710 3680 in
734 3618 909 3680 Mulierum
932 3617 1080 3680 Divertio
1103 3634 1124 3679 a
1145 3619 1279 3680 feminis
1303 3622 1473 3681 servatam
1496 3620 1688 3681 ostenderat
1707 3635 1780 3681 rem
1801 3616 1893 3695 publi·

677 3749 768 3794 cam:
798 3749 819 3794 a
847 3733 982 3794 feminis
1011 3732 1230 3808 gubernatam
1261 3733 1330 3793 iam
1349 3734 1573 3796 monstratum
1597 3734 1670 3796 ivit.
1693 3733 1756 3797 Sed
1778 3748 1841 3795 non
1862 3745 1894 3791 ea

677 3850 791 3909 mente
825 3847 910 3909 hanc
943 3845 1041 3908 finxit
1071 3845 1234 3923 fabulam,
1266 3861 1330 3922 qua
1358 3847 1502 3924 priorem
1532 3847 1625 3909 tllam
1655 3846 1815 3922 tinxerat;
1838 3845 1894 3907 alia

677 3962 811 4024 feminis
834 3961 970 4023 consilia
993 3964 1027 4023 01
1048 3961 1195 4022 facinora
1218 3961 1497 4036 quadragenarius
1516 3962 1689 4040 tribuerat,
1710 3962 1776 4024 alia
1790 3960 1894 4024 tribuit

677 4077 926 4151 sexagenarius.
950 4074 1125 4151 Ingenium
1148 4073 1252 4136 nihilo
1270 4075 1382 4136 minus
1402 4089 1491 4150 acre,
1511 4075 1615 4137 nihilo
1627 4076 1894 4139 minuerestivum

678 4190 818 4251 nuncsi
841 4192 892 4250 est
915 4202 1016 4264 quarn
1039 4190 1119 4250 tunc
1142 4188 1218 4264 fuit,
1243 4188 1301 4250 sed
1320 4203 1384 4250 non
1405 4189 1472 4249 iam
1490 4189 1714 4266 percipiuntur
1732 4186 1895 4252 tenerioris

678 4303 817 4365 affectus
849 4301 907 4363 illa
941 4303 1052 4379 signa,
1084 4317 1168 4377 quae
1200 4301 1370 4363 devinctos
1401 4301 1479 4364 olim
1508 4303 1665 4365 tenebant
1686 4305 1893 4381 spectatores:

678 4418 789 4479 luctus
807 4416 860 4478 rel
882 4415 1098 4478 lacrimarum
1117 4430 1159 4478 ne
1178 4415 1384 4477 levissimam
1404 4417 1536 4490 quidem
1556 4417 1778 4493 suspicionem
1795 4413 1896 4478 movet

681 4531 792 4592 vultus
811 4529 964 4606 ridentis,
985 4529 1083 4590 rictui
1103 4543 1341 4603 nonnunquam
1362 4528 1494 4590 similis.
1513 4529 1666 4593 Ludibrio
1686 4530 1785 4593 babet
1797 4539 1895 4592 rerum

679 4642 884 4720 publicamm
914 4644 949 4704 et
975 4641 1234 4703 domesticarum
1264 4643 1393 4702 statum
1423 4646 1646 4721 praesentem,
1676 4644 1814 4706 meliora
1840 4653 1895 4704 non

679 4759 844 4817 ostentat:
879 4769 998 4831 nempe
1032 4753 1118 4829 quod
1153 4758 1313 4830 proponat
1348 4755 1530 4818 suadeatre
1563 4770 1630 4818 non
1663 4757 1778 4835 habet,
1809 4754 1897 4817 babet

679 4871 815 4931 tantum
838 4883 924 4944 quae
946 4867 1111 4944 improbet
1135 4871 1235 4943 atque
1259 4870 1460 4930 contemnat.
1485 4867 1676 4932 Mulieribus
1699 4871 1785 4946 quod
1808 4869 1896 4931 etiem

679 4984 713 5044 in
744 4998 831 5045 nora
852 4982 964 5044 tabula
986 4981 1079 5043 locus
1102 4982 1292 5058 assignatur
1310 4982 1518 5058 praecipuus,
1543 4997 1608 5044 non
1631 4983 1769 5060 optimis
1790 4981 1897 5044 indolis
