4375 6284
656 946 721 1008 288
1097 959 1139 1006 nr
1162 959 1271 1004 mro
1292 959 1445 1006 saburro.

698 1135 768 1196 Hoc
798 1135 870 1196 loco
902 1135 1005 1196 etiam
1036 1133 1119 1195 Nub.
1153 1135 1238 1195 1233
1273 1135 1401 1196 videtur
1427 1136 1753 1198 commemorandus.
1774 1134 1862 1198 Collo-

654 1251 800 1323 quuntur
822 1249 940 1309 Pasias
963 1251 998 1310 et
1021 1248 1243 1324 Strepsiades:

743 1363 812 1421 ΠΛ.
834 1359 885 1421 καὶ
908 1357 985 1422 ταῦτ’
1012 1359 1164 1440 ἐθελήσεις
1186 1359 1340 1438 ἀπομόσαι
1363 1385 1416 1440 μοι
1437 1363 1509 1436 τοὺς
1531 1364 1641 1440 θεούς,

838 1470 874 1536 ἵν’
899 1473 938 1535 ἂν
961 1476 1090 1536 κελεύσω
1114 1473 1171 1555 ἐγώ
1194 1492 1243 1549 σε;
1265 1479 1352 1535 ΣΤΡ.
1379 1477 1508 1549 (τοὺς)
1534 1477 1643 1550 ποίους
1665 1481 1775 1550 &eodm

744 1593 812 1650 ΠΑ.
835 1588 887 1650 τδν
911 1589 985 1666 Δία,
1007 1589 1059 1650 τὸν
1077 1584 1207 1668 Ἑρμῆν,
1228 1589 1281 1650 τὸν
1306 1590 1455 1650 Ποσειδῶ.
1479 1589 1536 1652 att.

698 1706 750 1766 Sia
776 1705 814 1781 V,
846 1705 880 1765 in
903 1705 931 1765 R
955 1719 1033 1765 vero
1056 1705 1177 1765 desunt
1199 1704 1317 1768 verba:
1343 1699 1400 1780 ,ἵν’
1425 1701 1464 1764 ἂν
1483 1706 1613 1767 κελεύσω
1636 1703 1696 1786 lyd
1719 1723 1751 1766 σε
1772 1705 1865 1780 sobe?

653 1821 705 1881 eui
729 1819 827 1881 multi
850 1819 995 1880 editores
1018 1817 1118 1879 iidem
1142 1817 1339 1881 habuerunt.
1364 1821 1410 1881 At
1432 1820 1571 1881 minime
1594 1835 1866 1897 supervacaneum

652 1936 705 1995 est
733 1933 815 1995 illud
846 1931 898 1993 iva
927 1929 1000 2008 unt,
1028 1933 1093 1993 nisi
1126 1935 1240 1994 autem
1272 1933 1411 1995 accedat
1438 1934 1614 2011 articulus,
1639 1951 1706 1996 non
1729 1934 1866 2011 rogantis

652 2051 704 2110 est
729 2047 857 2123 ,ποίους
879 2047 996 2118 bend&
1019 2046 1077 2107 sed
1103 2061 1179 2107 eum
1202 2047 1272 2108 risu
1295 2047 1532 2124 exclamantis,
1554 2052 1592 2111 ut
1615 2049 1695 2110 deos
1717 2065 1759 2111 ne
1780 2047 1867 2109 nauci

651 2161 784 2236 quidem
808 2177 844 2226 se
867 2161 975 2222 facere
997 2162 1111 2236 aperte
1134 2159 1299 2235 significet
1321 2162 1543 2238 Strepsiades;
1567 2164 1680 2238 itaque
1700 2165 1863 2240 postquam

651 2277 779 2338 deletus
802 2279 854 2337 est
877 2275 1048 2351 articulus,
1073 2275 1189 2336 Pasias
1211 2290 1278 2336 non
1297 2279 1407 2351 potest
1428 2279 1506 2353 apto
1525 2277 1723 2354 respondere
1741 2275 1866 2336 nomina

651 2390 845 2466 proferendo
859 2389 996 2451 deorum
1015 2405 1072 2465 per
1091 2405 1175 2464 quos
1195 2390 1420 2465 Strepsiadam
1443 2392 1554 2452 iurare
1571 2391 1687 2452 iubeat
1704 2386 1736 2472 ι).
1755 2389 1866 2467 Quodsi

652 2505 798 2566 nondum
828 2505 912 2564 satis
942 2507 1070 2564 certum
1109 2503 1261 2566 videatur
1298 2504 1486 2565 Ravennati
1519 2503 1619 2566 fidem
1649 2504 1866 2580 denegandam

652 2634 740 2695 esse,
764 2618 961 2694 inspiciatur
983 2617 1133 2678 eiusdem
1158 2618 1289 2679 fabulae
1312 2633 1431 2679 versus
1455 2620 1531 2694 423,
1554 2633 1619 2693 quo
1642 2617 1764 2679 melius
1783 2631 1866 2692 appa·

651 2736 724 2795 reat
751 2747 868 2794 revera
897 2732 929 2791 in
961 2731 1048 2792 buno
1077 2731 1251 2792 librarium
1276 2765 1317 2776 -
1341 2733 1456 2794 eiusve
1478 2732 1670 2808 exemplum
1695 2766 1736 2777 —
1759 2731 1866 2794 eadere

652 2847 879 2910 huiuscemodi
901 2845 1160 2922 neglegentiam.
1184 2847 1325 2922 Scripsit
1346 2847 1409 2908 ibi:

828 2954 886 3020 ἀλλ’
913 2957 957 3019 δτι
981 2959 1089 3037 δήεις
1113 2957 1174 3039 ἤδη
1196 2958 1273 3020 θεὸν
1297 2958 1410 3021 οὐδένα
1432 2960 1512 3038 πλὴν
1534 2960 1611 3039 ἅπερ
1633 2955 1733 3039 ἡμεῖς,

649 3091 727 3137 oum
750 3074 903 3136 deberet:

829 3183 902 3247 ἄλλο
926 3210 953 3247 σε
976 3181 1093 3264 did
1119 3179 1191 3248 οὖν
1215 3192 1410 3264 νομε>εῖς
1433 3184 1494 3265 ἤδη
1517 3185 1588 3265 νεεδ,

651 3319 734 3379 quae
758 3303 889 3377 integra
912 3301 989 3373 (nisi
1011 3302 1098 3376 quod
1122 3301 1167 3361 ibi
1191 3317 1321 3377 quoque
1343 3305 1398 3362 est
1420 3295 1481 3361 ἀλλ’
1506 3300 1564 3378 ὅτι)
1586 3304 1705 3363 extant
1725 3303 1760 3362 in
1782 3299 1817 3360 V.

695 3420 806 3495 Neque
835 3419 870 3479 in
883 3403 1022 3479 'scholiis
1052 3419 1134 3480 talia
1163 3419 1288 3480 frustra
1310 3420 1424 3494 quaeri
1447 3419 1557 3494 quivis
1577 3419 1753 3494 intellegit.
1775 3419 1864 3478 Lucu·

649 3535 777 3596 lantum
795 3533 987 3608 exemplum
1000 3533 1136 3608 praebet
1147 3534 1234 3608 quod
1245 3533 1368 3608 legitur
1377 3533 1413 3594 in
1423 3532 1550 3594 scholio
1562 3533 1590 3591 V
1602 3533 1631 3594 R
1642 3535 1683 3595 ad
1694 3533 1778 3594 Nub.
1790 3530 1863 3592 699:
1950 3620 1951 3625 ἵ

696 3646 728 3708 τὸ
752 3643 784 3707 δὲ
807 3647 938 3726 τήμερον
961 3644 1145 3726 ἐπιχρύσου
1169 3645 1283 3726 λέγεται
1305 3643 1357 3706 καὶ
1379 3643 1413 3706 ἐν
1432 3646 1553 3731 Εἰρήνῃ
1570 3645 1637 3724 „lb
1661 3641 1862 3726 (Πρασιαὶ...
1950 3642 1951 3651 ’

651 3758 691 3834 ὧς
712 3758 877 3822 ἀπολεῖσθε
899 3759 1048 3840 τήμερον“
1068 3758 1121 3820 καὶ
1143 3757 1176 3820 ἒν
1193 3755 1323 3820 Ὁλκάσι·
1347 3758 1640 3838 &hiemalium
1659 3759 1690 3820 εί
1705 3757 1763 3840 ἄρα
1779 3756 1863 3818 πείσει

651 3873 810 3955 εήμερον.“
827 3871 861 3946 ').

1009 4029 1046 4112 8)
1067 4030 1124 4091 De
1144 4030 1511 4107 dittographematis.

696 4195 1008 4270 Dittographemata
1032 4198 1147 4270 aperta
1169 4196 1288 4254 extant
1309 4209 1338 4255 e.
1362 4211 1394 4270 g.
1417 4194 1499 4255 locis
1520 4193 1751 4267 sequentibus:

696 4309 780 4370 Nub.
805 4309 870 4370 628
898 4309 998 4369 habet
1021 4308 1065 4368 R:

828 4421 886 4483 οὐκ
909 4415 992 4482 εἶδον
1015 4421 1111 4494 obrue
1133 4418 1246 4500 ἄνδρ[α
1270 4416 1309 4501 γ’]
1334 4418 1480 4501 ἄγροικον
1501 4417 1623 4482 οδδὲνν.

654 4539 714 4600 Ubi
748 4539 781 4598 in
816 4537 845 4595 V
879 4540 968 4597 recte
999 4533 1042 4607 (ἐκ
1072 4535 1219 4614 πλήρους)
1248 4536 1412 4611 seriptum
1441 4530 1615 4612 estolveio«
1638 4527 1857 4613 ἄγροικονροί

651 4653 743 4712 locus
773 4651 865 4712 utilis
895 4653 948 4710 est
978 4650 1018 4710 ad
1049 4649 1293 4711 emendandum
1324 4663 1459 4709 versum
1488 4648 1606 4710 eodem
1629 4649 1709 4709 vitio
1731 4649 1763 4706 in
1784 4643 1810 4702 V
1828 4645 1856 4700 et

651 4765 814 4842 plerisque
836 4763 1060 4826 laborantem:

653 4891 868 4902 ——

686 4957 705 5020 ¹)
722 4958 831 5008 Aoeedit
845 4963 1027 5018 argumentum
1045 4971 1060 5006 a
1078 4970 1106 5005 re
1122 4959 1230 5007 metrica
1248 4959 1370 5020 petitum,
1385 4958 1418 5006 de
1435 4971 1489 5019 quo
1505 4959 1538 5006 es.
1556 4971 1638 5020 enprs
1654 4972 1680 5021 p.
1697 4956 1789 5012 ΗΜ

685 5036 707 5098 ¹)
723 5037 761 5086 (ll.
780 5039 883 5097 Proleg.
899 5038 959 5086 reo.
977 5052 1002 5100 p.
1021 5037 1065 5085 lx.
