4375 6284
755 965 895 1010 111111
918 965 1086 1011 ornamus.
1490 951 1532 1010 dl

361 1137 400 1198 dn
431 1137 473 1197 ad
503 1136 758 1212 Bdelycleonem
789 1138 1009 1214 magistratus
1040 1138 1146 1199 officio
1171 1138 1365 1213 fungentem
1389 1136 1535 1198 defertur

326 1265 420 1313 causa.
460 1250 559 1313 Oanis
593 1267 611 1312 e
645 1251 756 1312 culina
793 1251 952 1329 surripuit
989 1267 1133 1313 caseum.
1174 1251 1358 1313 Considunt
1395 1251 1535 1326 iudices,

326 1365 472 1437 prodeunt
503 1381 578 1426 reus
608 1367 641 1426 et
663 1366 719 1440 qni
741 1365 821 1426 10111
845 1380 923 1426 0010
947 1366 1119 1428 accusavit
1142 1366 1234 1426 canis
1256 1365 1350 1441 alter,
1375 1366 1536 1441 prodeunt

324 1481 428 1559 testes,
463 1479 536 1552 lege
570 1479 645 1540 dein
678 1493 815 1555 prorsus
848 1479 897 1540 ita
932 1479 1040 1554 agitur
1074 1483 1113 1540 ut
1145 1480 1180 1540 in
1215 1480 1345 1540 iudiciis
1379 1479 1534 1554 publicis;

324 1591 453 1664 plurima
486 1593 587 1667 igitur
620 1595 797 1654 moventur
832 1607 915 1667 qnae
950 1608 970 1653 a
1003 1592 1198 1667 quaestione
1232 1592 1340 1653 aliena
1373 1595 1465 1669 sunt,
1501 1597 1536 1654 et

323 1704 409 1766 debili
439 1708 648 1781 peroratione
678 1706 802 1769 iudices
833 1705 967 1768 tlsctere
998 1708 1137 1767 conatur
1159 1721 1251 1781 reus,
1275 1720 1372 1778 quem
1399 1707 1535 1768 circnm-

321 1819 429 1894 strepit
462 1819 646 1881 catulorum
681 1820 879 1882 eiulantium
918 1821 1061 1881 caterva.
1101 1820 1217 1894 Itaque
1255 1820 1343 1880 hunc
1377 1822 1535 1881 eventum

321 1931 410 1994 nabet
441 1932 485 1994 lis
518 1936 557 1994 ut
590 1949 680 2010 reus,
718 1935 811 1995 cuius
846 1934 943 2009 culpa
980 1933 1105 2008 liquido
1142 1933 1264 2013 patuit,
1299 1949 1356 2010 per
1390 1949 1535 1995 errorem

321 2045 511 2108 absolvatur.

360 2159 460 2235 Quam
478 2161 625 2222 iudicum
644 2161 844 2222 sententiam
864 2163 1042 2236 postquam
1061 2160 1283 2235 magistratus
1302 2175 1388 2221 urna
1407 2160 1538 2221 diribita

320 2274 405 2345 gravi
438 2289 519 2335 voco
560 2273 798 2350 promulgavit,
838 2273 1027 2334 Philocleon
1075 2288 1170 2349 ,vae,
1211 2275 1323 2334 actum
1366 2273 1407 2334 de
1440 2274 1536 2334 mel”

321 2386 435 2448 clamat
464 2389 499 2449 et
528 2386 635 2448 veluti
663 2387 703 2448 de
735 2386 825 2448 caelo
856 2389 966 2448 tactus
988 2386 1127 2462 proruit.
1151 2386 1211 2463 Qui
1234 2402 1276 2447 ne
1298 2401 1385 2447 novo
1407 2388 1442 2447 et
1465 2401 1536 2461 gra-

321 2501 402 2562 viore
431 2502 499 2562 iam
531 2501 621 2563 malo
653 2503 824 2576 correptus
850 2501 896 2562 sit
925 2500 1070 2576 primum
1094 2503 1228 2562 veretur
1250 2500 1352 2576 tilius,
1375 2501 1433 2562 aed
1456 2515 1535 2561 mox

320 2616 415 2676 sentit
435 2615 544 2677 morbi
568 2616 600 2678 in
624 2616 744 2678 melius
766 2615 1017 2677 conversionem
1040 2616 1126 2676 hanc
1149 2616 1266 2692 inisse,
1290 2614 1414 2676 similia
1436 2615 1537 2689 igitur

319 2726 478 2789 similibus
507 2744 624 2790 revera
646 2729 756 2790 sanari
781 2744 894 2804 posse;
919 2743 998 2790 nam
1021 2729 1166 2790 relectus
1188 2730 1365 2804 postquam
1390 2729 1462 2790 seni
1486 2730 1539 2788 est

319 2840 458 2917 animus,
482 2857 625 2904 excusso
647 2842 757 2903 101010
780 2841 925 2903 iudiciali
950 2857 1025 2904 eum
1050 2842 1230 2918 resipuisse
1252 2845 1397 2918 apparet.

357 2954 492 3030 Iamque
530 2957 568 3016 ut
606 2955 794 3016 humaniori
828 2955 919 3017 vitae
957 2956 1064 3017 denuo
1102 2971 1179 3017 eum
1215 2955 1369 3017 conciliet
1402 2959 1537 3018 strenue

318 3080 446 3141 operam
480 3069 538 3130 dat
570 3068 676 3143 iilius;
712 3083 798 3130 nova
829 3073 923 3131 veste
953 3084 1029 3130 eum
1060 3069 1169 3129 induit
1203 3072 1237 3130 et
1266 3070 1352 3131 inter
1381 3071 1537 3132 cultiores

318 3179 528 3242 1101111100-
553 3197 692 3257 quorum
723 3197 835 3244 mores
864 3186 958 3258 pater
987 3183 1073 3244 inter
1105 3182 1254 3244 misellos
1279 3184 1319 3244 de
1345 3183 1438 3259 plebe
1460 3199 1536 3261 pau·

317 3295 445 3366 percule
476 3311 574 3357 senes
611 3296 685 3357 illos
720 3294 842 3358 oblitus
875 3301 928 3359 est
962 3331 1003 3340 -
1039 3297 1204 3372 quomodo
1241 3299 1287 3358 sit
1321 3298 1535 3373 versandum,

319 3407 391 3480 quid
423 3410 624 3485 iaciendum,
660 3409 737 3484 quid
772 3410 964 3487 dicendum,
1000 3425 1077 3471 eum
1113 3411 1218 3472 docet.
1253 3410 1336 3472 Dein
1367 3411 1407 3472 ad
1437 3412 1537 3473 amici

319 3521 483 3584 cuiusdam
514 3538 629 3585 cenam
661 3523 821 3584 abductus
852 3539 954 3586 senex
984 3525 1033 3584 ita
1063 3526 1101 3586 ut
1130 3539 1212 3600 puer
1238 3523 1338 3598 aliqui
1361 3524 1537 3600 imperitus

319 3633 383 3695 illic
400 3635 544 3714 lascivit,
565 3637 704 3698 desueta
722 3637 879 3698 nimirum
900 3636 998 3698 hilari
1017 3637 1161 3701 convivii
1177 3636 1347 3712 voluptate
1367 3638 1536 3714 abreptus,

320 3749 351 3808 et
380 3748 487 3811 ebrius
516 3750 651 3812 tandem
677 3749 822 3812 delertur
852 3751 885 3810 in
917 3751 1054 3827 lectum,
1085 3750 1141 3811 ubi
1168 3751 1339 3827 crapulam
1364 3751 1535 3813 edormiat.

320 3861 362 3920 lt
396 3863 530 3925 minime
564 3879 665 3940 grave
694 3865 756 3924 hoc
786 3867 838 3926 est
868 3864 1012 3938 malum;
1045 3879 1102 3939 per
1132 3864 1240 3924 noctis
1271 3864 1358 3924 enim
1390 3865 1535 3939 quietem

320 3982 513 4040 evanescent
536 3980 606 4040 vini
628 3981 778 4056 generosi
798 3993 954 4056 vapores,
975 3994 1049 4039 cras
1068 3980 1180 4039 autem
1200 3977 1298 4053 plane
1318 3977 1350 4038 in
1369 3978 1536 4052 integrum

319 4090 490 4154 restitutus
520 4096 555 4154 et
585 4108 602 4153 0
637 4091 768 4154 Cleonis
798 4107 922 4154 vesano
960 4090 1016 4152 illo
1053 4091 1255 4152 admiratore
1289 4090 1373 4151 alter
1402 4092 1534 4165 quidam

319 4201 509 4280 Bdelycleon
533 4207 643 4269 iactus
665 4206 818 4284 prodibit.

896 4483 953 4545 XI.

363 4659 441 4723 11110
457 4662 603 4738 prolecto
622 4661 685 4723 1011
704 4661 803 4739 ratio,
825 4678 889 4737 qua
905 4663 967 4724 1100
983 4677 1069 4724 auno
1085 4663 1214 4724 erebus
1227 4662 1368 4738 publicis
1379 4662 1538 4724 abstinuit

320 4775 425 4848 poeta.
454 4775 513 4852 Qui
538 4775 667 4836 fabulas
697 4775 794 4837 initio
817 4791 873 4837 ore
895 4777 983 4836 servi
1007 4775 1146 4837 alterius
1169 4775 1338 4851 praefatus
1361 4778 1538 4849 estusque

320 4889 476 4958 gravioris
504 4890 694 4965 argumenti
723 4888 873 4949 rabulam
904 4888 1149 4964 spectatoribus
1180 4904 1253 4949 esse
1283 4889 1537 4965 expectandam,

321 5012 423 5072 nequa
444 5017 521 5065 vero
548 5004 637 5064 iocos
667 5001 871 5080 rusticiores,
897 5001 1053 5063 Cleonem
1080 5005 1194 5063 autem
1218 5001 1325 5062 denuo
1348 5001 1538 5061 conculcare
