4375 6284
758 986 836 1030 vinu
859 987 899 1030 nr
921 985 1090 1031 cremans,
1472 969 1531 1026 101

358 1159 545 1219 contemtus
568 1159 815 1225 mordacissimi
839 1159 974 1234 plenum
998 1161 1051 1218 est
1069 1157 1228 1218 festivum
1248 1156 1309 1216 hoc
1329 1153 1537 1229 colloquium.

320 1271 489 1334 1111111111
513 1272 634 1334 tabulis
655 1273 898 1348 Aristophanes
920 1272 1110 1348 Euripidem
1132 1269 1375 1347 spectatoribus
1396 1269 1540 1330 deriden-

319 1385 384 1446 dum
407 1387 593 1462 propinavit
616 1388 691 1463 plus
714 1387 831 1448 semel.
856 1387 972 1461 Itaque
995 1385 1092 1447 facile
1116 1384 1320 1460 intellegitur
1340 1399 1415 1444 eum
1435 1397 1540 1457 nequo

319 1500 414 1563 indole
436 1516 543 1575 neque
567 1502 689 1562 studiis
712 1500 847 1562 affinem
872 1501 949 1561 huic
971 1499 1120 1561 voluisse
1144 1498 1267 1560 haberi.
1292 1496 1404 1557 'Palem
1424 1499 1535 1558 tamen

319 1617 378 1673 tum
408 1630 445 1676 se
476 1614 657 1692 praestitit,
691 1629 767 1675 curn
800 1614 895 1675 sexui
923 1612 1073 1674 debiliori
1092 1612 1252 1672 maiorem
1276 1626 1375 1685 quam
1398 1610 1478 1671 olim
1502 1611 1535 1671 in

320 1732 378 1788 arte
408 1743 471 1789 sua
495 1727 612 1789 tribuit
635 1728 757 1789 locum.
780 1728 864 1789 Nam
889 1728 1102 1804 priusquam
1127 1727 1161 1786 in
1186 1725 1388 1787 comoediam
1413 1725 1535 1787 Aristo·

318 1840 443 1919 phanes,
465 1843 501 1903 ln
523 1842 726 1916 tragoediam
750 1840 906 1903 mulieres
928 1840 1057 1902 invexit
1078 1839 1259 1916 Euripides.

353 1955 452 2016 veras
475 1956 617 2018 dicimus
640 1957 810 2018 mulieres.

354 2070 506 2145 Aeschyli
529 2086 584 2131 ars
606 2070 749 2132 babebat
775 2085 857 2132 sane
879 2069 1157 2144 Clytaemestram
1181 2069 1422 2144 Agamemnoni
1441 2083 1534 2144 oppo-

317 2183 420 2260 sitam,
444 2184 609 2246 Electram
633 2184 776 2246 habebat
796 2185 984 2245 adiunctam
1004 2183 1123 2244 Oresti.
1143 2183 1204 2243 Sed
1229 2183 1305 2244 illae
1324 2181 1479 2243 boroinae
1498 2181 1531 2242 in

318 2298 486 2374 tragoedia,
510 2302 548 2359 ut
570 2299 604 2358 in
627 2299 701 2373 ipsa
723 2299 807 2374 vita,
832 2300 928 2359 erant
946 2298 1009 2358 viri
1028 2298 1138 2372 specie
1157 2296 1310 2357 muliebri
1328 2295 1445 2372 induti,
1468 2310 1533 2356 non

316 2413 443 2486 praediti
475 2412 628 2475 muliebri
652 2412 778 2486 indole;
801 2413 914 2486 itaque
940 2410 1130 2486 ,mulierem
1156 2413 1325 2470 amantem
1348 2425 1386 2470 se
1409 2407 1535 2470 nullam

314 2525 442 2586 lecisse”
467 2526 670 2600 Aeschylum
696 2525 841 2586 comicus
864 2523 960 2585 finxit
984 2525 1108 2601 optimo
1131 2525 1201 2584 iure
1224 2523 1431 2598 gloriantem.

353 2638 480 2700 llaiorls
502 2639 633 2712 quidem
659 2639 822 2700 momenti
844 2639 1001 2700 mulieres
1025 2641 1120 2699 erant
1144 2637 1308 2714 Sophocli,
1330 2637 1425 2697 cuius
1444 2637 1534 2698 Anti-

313 2767 406 2825 gonae
430 2768 529 2827 pares
553 2768 735 2829 perpaucas
754 2753 879 2829 peperit
897 2756 1070 2828 poetarum
1091 2767 1159 2828 ara,
1179 2751 1381 2827 superiorem
1394 2750 1535 2828 nullam,

314 2865 364 2925 sed
387 2881 462 2927 1111
486 2866 637 2927 virilibus
659 2867 839 2927 virtutibus
869 2867 951 2927 haec
982 2881 1110 2941 quoque
1143 2865 1278 2926 heroine
1300 2863 1537 2940 praecellebat;

311 2977 469 3041 fraternus
493 2980 581 3041 enim
605 2995 699 3042 amor
721 2979 856 3056 impulit
878 2982 917 3041 ad
941 2979 1049 3040 virilia
1072 2979 1223 3040 audenda
1245 2983 1280 3039 11
1298 2978 1418 3038 mortis
1435 2992 1536 3039 cauea

311 3093 366 3154 tuit
387 3095 578 3157 constantia
600 3095 761 3155 interrita,

348 3208 521 3285 Euripides
556 3224 634 3270 vero
669 3208 848 3270 mulierum
885 3224 959 3269 eam
995 3223 1060 3283 qua
1093 3206 1212 3281 dignae
1247 3209 1342 3266 111111
1373 3207 1535 3266 rationem

307 3321 426 3384 habuit.
452 3323 584 3384 Priscae
607 3322 739 3397 reginas
762 3326 796 3383 et
820 3322 972 3383 heroinas
993 3322 1049 3382 alii
1069 3321 1329 3396 celebraverant,
1350 3319 1535 3381 fabulosam

307 3434 474 3498 historiam
510 3435 663 3510 religiose
696 3437 820 3497 secuti:
856 3435 912 3496 ille
947 3436 1089 3497 feminas
1120 3433 1235 3509 quales
1265 3436 1359 3494 norat
1389 3433 1534 3510 induxit,

305 3562 440 3620 quarum
472 3551 603 3625 pectus,
633 3551 668 3609 ut
699 3550 819 3625 amori,
848 3583 888 3593 -
914 3549 990 3610 huic
1013 3549 1245 3624 potissimumt
1269 3581 1307 3592 -
1333 3548 1382 3608 sic
1405 3548 1479 3609 odio
1503 3551 1537 3609 11

304 3661 443 3726 invidiae
481 3665 515 3724 et
546 3663 735 3723 iracundiae
765 3663 913 3738 pervium
945 3663 1048 3723 variis
1078 3665 1247 3723 aestuaret
1277 3661 1463 3738 affectibus,
1495 3678 1537 3723 ex

303 3776 371 3850 ipsa
401 3779 476 3839 vita
508 3777 682 3838 desumtas
714 3780 748 3837 et
778 3791 855 3837 vere
885 3777 1049 3837 viventes.
1080 3775 1119 3836 nt
1146 3791 1287 3850 magnos
1310 3774 1384 3836 illos
1408 3778 1537 3854 poetae,

301 3906 437 3964 quorum
475 3890 629 3963 vestigiis
662 3890 800 3964 institit,
833 3890 911 3950 licet
941 3904 1005 3950 non
1037 3890 1244 3964 aequaverit,
1276 3902 1398 3963 magna
1423 3891 1535 3951 tamen

301 4009 349 4064 est
383 4009 568 4067 assecutus
602 4006 635 4065 in
671 4003 917 4078 interpretando
951 4004 1062 4064 animo
1097 4002 1261 4064 muliebri.
1297 4003 1397 4063 Suam
1434 4004 1539 4064 vitam

299 4123 413 4180 vivunt
436 4118 590 4180 feminae
614 4133 691 4178 vere
710 4117 890 4192 femineae,
910 4132 993 4191 quas
1013 4117 1164 4178 exhihuit
1182 4117 1216 4177 in
1235 4116 1412 4191 dramatis;
1434 4117 1540 4178 cordis

298 4231 393 4294 iussis
429 4232 666 4307 obtemperare
701 4234 735 4292 et
768 4246 829 4292 suo
863 4231 983 4291 iudicio
1018 4233 1107 4290 stare
1141 4230 1277 4306 audent,
1308 4233 1342 4290 et
1371 4230 1537 4304 singulare

296 4348 376 4419 quod
406 4361 555 4423 operum
587 4345 836 4421 Euripideorum
870 4347 921 4405 est
952 4344 1066 4420 decus,
1098 4343 1292 4405 mulieribus
1327 4345 1537 4419 potissimum

296 4458 323 4520 id
345 4460 503 4524 debetur.

334 4574 551 4636 criminibus
573 4587 654 4633 sane
678 4572 831 4649 plurimis
850 4574 883 4634 in
904 4573 976 4633 eius
994 4572 1118 4634 tabulis
1137 4573 1259 4647 petitae
1278 4574 1357 4632 sunt
1369 4571 1538 4647 mulieres,

296 4691 324 4746 et
345 4690 529 4751 interdum
553 4687 660 4746 inrita
684 4688 755 4747 arte
777 4687 907 4762 poetica
930 4690 1011 4746 aunt
1034 4686 1175 4761 petitae;
1203 4717 1240 4727 -
1267 4699 1346 4746 nam
1371 4684 1467 4746 Iason
1487 4686 1540 4746 vel

296 4799 500 4880 Hippolytus
538 4815 615 4861 cum
642 4815 719 4875 ,pro
742 4800 927 4876 Iuppiter!”
952 4800 1091 4861 clamat:
1120 4799 1227 4875 ,male
1251 4801 1363 4860 actum
1387 4802 1440 4860 est
1462 4815 1537 4860 cum

297 4931 430 4990 „genere
464 4919 638 4990 humano,
670 4914 755 4988 quod
786 4914 906 4975 liberos
936 4914 1007 4974 sine
1038 4912 1205 4974 matribus
1239 4913 1328 4989 gigni
1358 4912 1536 4974 noluistil”

295 5030 392 5094 risum
433 5029 582 5098 facilius
617 5042 717 5103 quam
752 5027 923 5089 horrorem
957 5026 1167 5090 audientibus
1200 5029 1313 5088 movet
1346 5041 1447 5088 saevo
1481 5026 1539 5087 illo
