4375 6284
801 955 1046 1003 cometamur.
1470 940 1535 1001 249

320 1131 483 1205 aliquanto
516 1130 605 1191 hunc
638 1127 740 1189 linem
771 1129 871 1190 habet
898 1128 1012 1190 fabula
1041 1132 1079 1191 ut
1107 1132 1184 1205 post
1214 1128 1313 1190 verba
1338 1129 1536 1205 ,abeamus:

219 1323 220 1332 ἵ
319 1248 394 1307 satie
415 1245 582 1306 lusimus’'
605 1244 672 1305 dux
695 1244 832 1304 chorum
857 1242 998 1305 abducat
1019 1246 1159 1311 tacitum
1176 1238 1207 1316 ¹).

356 1360 555 1435 argumenti
584 1358 825 1433 expositionem
849 1360 1009 1432 actusque
1032 1359 1165 1419 initium
1189 1362 1363 1435 postquam
1387 1358 1538 1433 praebuit

320 1474 485 1551 praelatio,
518 1475 636 1535 chorus
665 1473 768 1534 intrat
798 1467 1043 1544 orchestramb
1067 1472 1120 1534 vel
1150 1474 1251 1534 etlam
1276 1474 1378 1534 citato
1400 1472 1482 1547 pede
1504 1473 1539 1533 in

320 1603 384 1649 eam
416 1588 533 1661 irruit;
569 1588 642 1649 dein
674 1587 745 1649 illic
774 1603 811 1649 se
841 1587 1027 1663 constituit,
1057 1602 1157 1662 saepe
1186 1588 1261 1662 post
1291 1587 1438 1662 aliquam
1462 1602 1537 1647 cum

320 1703 480 1764 actoribus
521 1704 755 1764 contentionem.
796 1702 880 1761 'l'um
910 1700 1077 1762 vaduam
1108 1706 1265 1761 certarnen
1295 1702 1409 1763 haberi
1439 1701 1538 1783 solet,

320 1818 365 1879 cui
392 1817 517 1893 proprii
550 1818 619 1878 lere
648 1820 729 1877 sunt
758 1815 931 1891 anapaesti
962 1816 1164 1891 tetrametri,
1189 1816 1368 1877 sedetiam
1392 1815 1540 1877 trochaei

319 1930 478 2005 iambique
512 1930 703 1991 tetrametri
737 1929 901 1990 eiusmodi
936 1928 1175 1990 certaminibus
1209 1931 1288 1989 sunt
1318 1930 1397 2005 apti.
1428 1928 1541 1990 Prima

319 2047 424 2106 autern
455 2046 571 2105 statim
602 2044 712 2105 fabula
735 2060 778 2105 ex
800 2044 843 2104 iis
864 2058 947 2119 quae
969 2046 1116 2105 aetatem
1139 2042 1287 2104 tulerunt
1310 2044 1540 2106 Acharnenses

319 2162 458 2220 testatur
491 2172 557 2220 non
588 2160 714 2219 certum
745 2158 889 2233 aliquem
916 2157 979 2219 hac
1006 2159 1040 2218 in
1064 2157 1267 2219 revaluisse
1291 2174 1431 2235 morem,
1455 2172 1539 2233 quae

319 2272 423 2334 labula
442 2287 501 2349 pro
519 2272 705 2333 certamine
722 2272 873 2333 versibus
888 2272 1096 2333 tetrametris
1116 2275 1272 2348 concepto
1292 2272 1392 2333 habet
1409 2270 1540 2334 Dicaeo-

319 2387 431 2477 polidis
450 2400 588 2447 causam
607 2385 734 2446 orantis
752 2385 882 2446 iambos
900 2386 1089 2460 trimetros;
1109 2385 1232 2447 similis
1251 2389 1304 2447 est
1318 2386 1538 2463 Thesmopho·

319 2500 521 2561 riazuaarum
554 2498 686 2560 fabulae
720 2499 927 2575 compositio,
963 2502 997 2560 et
1028 2500 1119 2559 omni
1151 2501 1326 2562 verborum
1357 2502 1540 2563 certamine

320 2617 403 2675 caret
433 2615 503 2675 Pax
533 2614 795 2689 tabulatisque
819 2616 946 2675 certam
971 2614 1084 2676 aedem
1108 2615 1143 2675 in
1166 2613 1287 2675 fabulis
1312 2614 1434 2677 habent
1457 2618 1539 2677 eius·

319 2728 403 2788 modi
433 2729 628 2790 certamina.
661 2729 776 2790 Solent
806 2728 879 2789 fleri
908 2732 980 2789 onte
1009 2728 1095 2789 chori
1117 2730 1366 2805 iniuriosionean,
1392 2730 1449 2790 sed
1468 2733 1540 2805 posi

318 2841 404 2904 illam
439 2841 478 2903 fit
512 2846 679 2904 certamen
709 2844 743 2904 in
773 2843 922 2904 Nubibus
944 2876 988 2887 -
1012 2858 1097 2918 quae
1125 2843 1238 2904 fabula
1268 2845 1370 2905 etiam
1397 2843 1539 2905 alterum

319 2956 387 3017 dein
422 2957 524 3018 habet
558 2961 728 3019 certamen
752 2989 795 2999 —
819 2961 853 3018 et
886 2958 920 3017 in
951 2958 1068 3033 Ranis,
1100 2958 1134 3017 in
1164 2958 1339 3032 Equitibue
1371 2960 1542 3019 autemst

319 3073 390 3131 ante
414 3074 449 3132 et
469 3073 547 3146 post
564 3072 817 3133 interlueionem
839 3074 983 3133 certatur
1002 3074 1036 3132 et
1055 3072 1117 3132 sub
1137 3069 1237 3131 finem
1259 3072 1392 3132 demum
1410 3070 1541 3132 fabulae

318 3184 355 3243 ad
381 3186 511 3246 exitum
537 3187 705 3247 certarnen
731 3185 914 3247 deducitur.
940 3186 1113 3246 Interdum
1142 3186 1263 3247 chorus
1290 3190 1324 3247 et
1343 3186 1477 3246 abnam
1501 3185 1542 3245 ad

317 3301 515 3373 spectatores
548 3300 648 3361 babet
681 3298 928 3381 allocutionem,
963 3300 1154 3374 anapaestis
1187 3302 1301 3361 tamen
1335 3299 1541 3361 tetrametris

319 3417 493 3476 carentem.
528 3414 566 3475 In
600 3414 785 3489 Lysistrata
819 3414 1045 3476 interlueionis
1078 3414 1150 3475 loco
1184 3416 1236 3475 est
1265 3414 1540 3475 hemichoriorum

318 3530 498 3604 contentio;
518 3529 552 3589 in
570 3530 673 3591 Ranis
691 3529 864 3591 interlusio
889 3528 1039 3590 bifariam
1064 3531 1115 3589 est
1137 3529 1293 3605 diremta,
1316 3530 1404 3605 prior
1426 3530 1540 3590 autem

318 3656 391 3716 pare
419 3643 574 3705 cohaeret
605 3658 680 3704 cum
713 3642 812 3704 rebus
842 3658 926 3718 quae
955 3646 1108 3720 aguntur,
1141 3643 1312 3705 interlusio
1340 3644 1442 3719 igitur
1471 3644 1542 3705 iure

318 3754 377 3817 dici
399 3758 528 3834 nequit,
552 3758 588 3818 in
610 3757 848 3818 Ecclesiazueis
871 3761 906 3819 et
927 3758 961 3818 in
984 3757 1079 3818 Pluto
1103 3758 1276 3819 interlusio
1299 3757 1400 3818 nulla.
1529 3802 1530 3807 η

359 3870 484 3933 chorus
517 3872 552 3933 in
585 3872 694 3947 priore
726 3871 914 3933 fabularum
951 3874 1046 3947 parte
1081 3872 1213 3947 egregie
1248 3871 1395 3931 defendit
1428 3874 1541 3946 partes

318 3987 445 4064 actoris,
470 3987 576 4047 immo
599 3989 651 4047 tot
673 3988 822 4047 actorum
847 3988 926 4060 quot
950 3988 1027 4045 sunt
1051 3986 1239 4046 cboreutae.
1260 3985 1321 4061 Qui
1341 3988 1377 4046 ui
1396 3986 1540 4061 primum

317 4100 504 4171 prodierunt
526 4100 560 4160 in
585 4100 805 4176 orchestram,
830 4100 928 4161 rebus
951 4114 988 4161 se
1011 4100 1205 4160 immiscent
1230 4102 1381 4175 strenue,
1413 4098 1542 4162 histrio·

319 4226 377 4273 nes
406 4215 439 4273 vi
466 4214 635 4288 minisque
664 4214 772 4275 adorti
802 4212 982 4273 ueletiam
1008 4247 1048 4257 —
1073 4214 1111 4273 ut
1135 4210 1173 4273 nt
1195 4214 1228 4274 in
1252 4213 1336 4273 Pace
1359 4213 1474 4275 fabula
1499 4250 1538 4259 —

318 4340 488 4389 commune
523 4326 654 4401 aliquod
688 4327 864 4389 consilium
895 4342 971 4388 cum
1003 4327 1045 4386 lis
1076 4330 1297 4401 exequentes;
1329 4328 1541 4403 excipiendae

318 4443 395 4501 sunt
427 4442 540 4503 Ranae
575 4445 608 4503 et
640 4442 759 4503 Plutus
788 4441 935 4517 fabulae,
968 4455 1108 4516 quarum
1139 4439 1247 4501 altera
1277 4440 1376 4503 choro
1406 4444 1539 4503 tantum

318 4570 380 4616 non
415 4572 550 4633 prorsus
584 4560 688 4634 caret,
721 4556 826 4618 altera
856 4555 955 4616 habet
977 4555 1112 4629 quidem
1135 4555 1272 4617 chorum
1297 4556 1354 4617 sed
1377 4561 1540 4633 spectato·

350 4874 369 4937 ¹)
385 4878 499 4927 Fabulae
516 4894 578 4942 para
594 4894 635 4942 ea,
652 4894 720 4939 quae
738 4882 778 4929 est
795 4884 856 4943 post
869 4882 990 4928 ultimum
1006 4882 1079 4929 ohorl
1094 4882 1236 4937 canticum,
1250 4886 1304 4929 lota
1318 4880 1404 4931 exitus
1414 4881 1541 4931 dioisolet

318 4959 421 5006 nomino
436 4961 522 5007 minua
539 4962 612 5021 apto.

347 5033 368 5101 ¹)
384 5038 445 5087 Bina
462 5043 541 5087 cautu
554 5037 586 5089 dt
595 5040 779 5088 oberentamm
794 5038 919 5088 introitus
937 5038 965 5087 in
980 5040 1259 5101 Thesmophoriaaueia
1269 5044 1295 5087 st
1309 5040 1334 5087 in
1344 5042 1542 5089 aeclesiasticis.
