4375 6284
635 943 655 1004 8
1150 959 1191 1002 na
1214 955 1338 1001 bosran

635 1140 714 1186 nam
744 1127 793 1187 rel
823 1126 974 1202 publicae
1004 1129 1240 1205 praeciduntur
1262 1142 1366 1188 venae
1396 1128 1431 1188 et
1454 1127 1572 1190 humor
1594 1127 1708 1188 vitalis
1730 1128 1863 1204 diffluit,

636 1253 712 1299 oum
742 1239 791 1300 sio
821 1242 968 1302 saevitur
998 1243 1033 1301 in
1063 1243 1156 1317 ipsos
1185 1240 1332 1316 regionis
1361 1239 1497 1300 incolas.
1527 1239 1614 1300 Fieri
1643 1256 1709 1302 non
1732 1245 1864 1316 poterat

636 1360 674 1414 ut
691 1352 855 1414 militibus
874 1355 1051 1430 Spartiatis
1069 1354 1154 1417 bello
1174 1355 1339 1415 absumtis
1358 1353 1437 1414 novi
1456 1367 1588 1429 semper
1602 1359 1863 1422 succrescerent,

637 1467 748 1528 nullus
766 1468 855 1528 enim
875 1471 946 1528 erat
964 1469 1300 1530 Lacedaemoniorum
1319 1467 1472 1543 populus,
1493 1481 1558 1528 non
1582 1471 1655 1529 erat
1672 1468 1782 1543 populi
1800 1468 1864 1529 ilos

638 1579 739 1654 aliqui
769 1583 803 1640 et
833 1581 942 1658 robur,
974 1583 1031 1643 sed
1061 1583 1270 1644 dominorum
1302 1581 1551 1642 inclementium
1578 1595 1683 1656 pauca
1704 1582 1798 1642 milia
1824 1615 1862 1624 -

638 1696 777 1767 quatuor
795 1693 863 1754 iere
882 1695 972 1756 luere
990 1700 1138 1772 tempore
1156 1697 1234 1757 belli
1252 1697 1377 1757 Persici
1393 1692 1426 1772 ¹),
1440 1697 1503 1756 duo
1515 1696 1647 1758 saeculo
1659 1697 1812 1768 sequenti
1829 1691 1863 1769 ²),

637 1806 730 1868 mille
761 1823 843 1868 aevo
873 1809 1079 1871 Macedonico
1107 1842 1142 1852 —
1169 1811 1250 1871 duro
1280 1810 1417 1871 servitio
1447 1807 1678 1885 opprimebant
1697 1809 1867 1884 perioeoos

636 1921 706 1981 iure
738 1923 887 1982 carentes
903 1915 926 1991 8)
957 1923 1128 1998 multoque
1161 1925 1261 1984 etiam
1290 1923 1425 1983 saevius
1458 1921 1693 1998 proculcabant
1721 1921 1865 1998 belotae,

638 2033 772 2109 perinde
801 2036 900 2108 atque
930 2050 1066 2097 muscas
1096 2051 1154 2097 eos
1183 2036 1400 2111 perimentes,
1427 2036 1458 2096 si
1480 2035 1564 2096 forte
1586 2035 1775 2097 viderentur
1798 2051 1866 2097 mo·

637 2149 729 2222 lesti,
757 2181 797 2191 -
823 2153 856 2210 et
885 2165 1054 2224 nunquam
1080 2166 1147 2211 non
1173 2150 1307 2210 molesti
1329 2149 1525 2211 videbantur
1546 2150 1671 2224 posteri
1692 2149 1866 2210 bominum

638 2261 694 2335 qui
717 2276 792 2321 cum
815 2263 942 2323 Atridis
965 2263 1096 2325 Troiam
1120 2264 1199 2325 olim
1222 2266 1388 2339 ceperant.

683 2375 901 2436 Auctoritatis
923 2378 1026 2452 igitur
1048 2377 1233 2439 reverentia
1255 2377 1289 2437 in
1312 2376 1489 2452 Spartiatis
1508 2379 1579 2437 erat
1598 2390 1675 2437 vere
1695 2375 1866 2450 militaris,

640 2491 675 2548 et
708 2490 930 2551 mutationum
961 2492 1073 2553 odium
1104 2492 1147 2552 iis
1177 2493 1249 2553 erat
1278 2505 1343 2551 non
1374 2492 1487 2551 minue
1515 2489 1677 2563 militare;
1709 2488 1767 2549 sed
1803 2504 1870 2550 non

639 2602 814 2663 accedebat
842 2617 928 2665 nova
957 2605 1108 2666 tentandi
1134 2605 1295 2680 studium,
1323 2606 1409 2681 quod
1432 2605 1567 2666 sortium
1590 2605 1871 2676 strenuorumque

641 2715 788 2776 militum
817 2719 1012 2792 praesertim
1044 2719 1214 2795 proprium
1242 2735 1317 2781 esse
1346 2720 1442 2782 solet.
1473 2719 1563 2779 Satis
1586 2716 1674 2779 beati
1697 2715 1760 2778 sibi
1785 2717 1871 2777 vide·

644 2828 763 2889 bantur
786 2830 922 2906 Spartae
947 2833 1050 2909 cives,
1074 2832 1105 2893 si
1127 2848 1261 2894 servare
1284 2833 1398 2895 liceret
1419 2847 1504 2907 quae
1527 2831 1607 2893 olim
1630 2831 1664 2890 vi
1686 2829 1871 2905 cepissent;

643 2956 720 3002 nam
751 2958 770 3004 e
798 2944 955 3022 statione,
987 2960 1086 3019 quarn
1118 2947 1150 3006 in
1173 2947 1307 3022 regione
1329 2963 1391 3008 sua
1413 2947 1471 3007 sed
1496 2947 1553 3005 vix
1577 2960 1640 3006 sua
1662 2942 1870 3019 obtinebant,

642 3071 684 3116 ne
707 3056 908 3132 pellerentur
930 3061 1087 3134 perpetuo
1110 3075 1210 3136 opera
1232 3064 1305 3123 erat
1328 3055 1445 3121 danda.
1477 3060 1591 3133 Itaque
1614 3055 1775 3132 singulari
1798 3072 1870 3118 cau·

641 3171 731 3231 tione
750 3171 893 3245 undique
912 3173 1066 3250 protecti,
1092 3173 1132 3233 ab
1152 3175 1302 3235 externis
1319 3173 1510 3235 hominibus
1528 3171 1629 3232 anxia
1644 3185 1723 3231 cura
1733 3169 1871 3246 seclusi,

643 3285 757 3346 sedulo
789 3289 946 3347 caventes
972 3301 1014 3346 ne
1043 3302 1204 3349 novarum
1236 3304 1348 3349 rerum
1380 3289 1534 3349 notitiam
1567 3285 1620 3347 vel
1648 3285 1760 3345 studia
1781 3285 1872 3346 intra

643 3396 726 3459 fines
745 3413 824 3460 suos
844 3399 1059 3461 admitterent
1076 3401 1254 3476 perniciem
1275 3403 1422 3478 ipsorum
1439 3400 1584 3462 dominio
1604 3397 1761 3474 allatura,
1784 3397 1871 3458 idem

643 3515 818 3574 censentes
837 3515 959 3575 mutari
975 3515 1060 3589 quod
1072 3515 1252 3592 corrumpi,
1270 3516 1377 3577 vitam
1391 3514 1550 3576 vivebant
1558 3527 1711 3573 severam
1724 3510 1871 3572 militum

643 3627 678 3686 in
697 3641 775 3701 agro
796 3627 911 3688 bostili
927 3631 1039 3690 cestra
1056 3629 1304 3706 occupantium,
1324 3629 1513 3704 peregrinos
1536 3641 1647 3688 mores
1666 3628 1700 3686 et
1719 3624 1873 3685 homines

641 3742 832 3816 peregrinos
862 3744 1028 3820 arcentes,
1057 3744 1252 3818 peregrinas
1282 3745 1433 3818 regiones
1455 3757 1561 3816 neque
1583 3741 1743 3801 adeuntes
1765 3753 1872 3812 neque

643 3859 754 3916 mente
784 3859 994 3934 appetentes,
1026 3857 1154 3934 legibus
1179 3859 1315 3933 scriptis
1338 3857 1540 3934 pecuniaque
1562 3855 1694 3931 signata
1719 3887 1758 3897 —
1784 3854 1873 3914 ritae

642 3984 817 4047 prosperae
841 3973 940 4046 atque
962 3970 1044 4032 bene
1068 3973 1272 4046 compositae
1295 3971 1468 4048 praesidiis
1492 4003 1531 4014 -
1558 3970 1722 4044 carentes,
1747 3983 1769 4028 a
1790 3983 1874 4028 mer·

644 4088 759 4146 cetura
789 4087 822 4144 et
853 4083 990 4160 opificiis
1020 4085 1133 4161 alieni,
1164 4086 1198 4145 in
1228 4085 1370 4161 tuguriis
1400 4084 1473 4145 rudi
1503 4084 1572 4145 arte
1597 4082 1757 4142 coniectis
1783 4079 1871 4142 babi-

644 4202 770 4276 tantes,
802 4214 884 4264 cena
914 4201 1060 4261 contenti
1087 4200 1179 4261 tenui
1202 4198 1393 4273 nullamque
1416 4197 1589 4259 varietatis
1612 4196 1748 4257 babenti
1770 4196 1873 4258 deleo·
1974 4254 1975 4273 ,

643 4313 817 4373 tationem.
858 4312 1034 4374 Militarem
1070 4314 1176 4374 vitam
1211 4312 1382 4389 vivebant,
1418 4326 1587 4373 armorum
1630 4308 1799 4371 exercitiis
1839 4312 1873 4369 et
1974 4386 1975 4403 χ

644 4427 814 4488 venationi
843 4430 1003 4488 vacantes
1032 4442 1175 4504 semper,
1214 4427 1297 4487 bene
1326 4426 1429 4487 validi
1457 4426 1675 4498 laborumque
1702 4424 1872 4499 patientis·

644 4540 735 4617 simi,
768 4543 802 4601 et
824 4542 938 4601 tamen
964 4573 1003 4584 —
1027 4556 1046 4601 o
1070 4555 1181 4601 rerum
1209 4540 1432 4602 humanarum
1456 4539 1541 4599 mira
1563 4538 1804 4598 inconstantial
1831 4569 1866 4580 -

651 4695 867 4702 ...ι-Η-

682 4775 701 4837 ¹)
718 4779 783 4826 Octo
806 4777 878 4825 milia
900 4780 937 4824 ait
957 4777 1108 4825 Herodotus
1131 4776 1192 4838 (vn
1215 4776 1286 4834 πως
1311 4775 1358 4822 sed
1383 4776 1410 4822 et
1431 4775 1502 4822 buno
1524 4784 1672 4832 nnmerum,
1693 4773 1724 4818 nt
1749 4770 1823 4827 alios,
1844 4765 1872 4814 in
1974 4834 1975 4847 ἵ

646 4859 732 4906 mains
748 4855 853 4905 videtur
868 4861 994 4905 mutam.

681 4933 702 4996 ¹)
719 4937 799 4984 Ieoer.
817 4937 866 4985 xn
884 4939 898 4995 ὅ
917 4938 974 4984 ibt.

679 5011 700 5078 ³)
718 5016 827 5065 aristot.
845 5017 920 5065 Polit
938 5016 965 5064 11
983 5018 997 5064 d
1017 5017 1029 5074 Ι
1048 5019 1086 5064 11.
