4375 6284
657 923 699 984 88
1172 944 1214 988 nu
1237 942 1362 988 scasas

654 1116 814 1186 gementu
847 1117 881 1174 te
915 1115 1071 1189 proiciam
1082 1117 1114 1177 ι’·
1144 1149 1189 1160 -
1218 1116 1270 1176 lrls
1303 1116 1533 1192 similibusque
1563 1117 1675 1179 verbis
1708 1113 1813 1175 Bullio
1842 1116 1871 1172 et
1967 1112 1971 1147 ·’

655 1224 758 1284 fartor
780 1239 839 1300 per
861 1230 968 1287 totam
991 1227 1139 1289 fabulam
1157 1229 1245 1289 inter
1262 1243 1298 1289 se
1318 1230 1600 1292 conviciabantur.
1619 1226 1871 1290 behemensium

655 1337 786 1400 tabulae
821 1354 878 1400 eae
914 1342 1112 1415 praesertim
1146 1345 1258 1417 partes
1295 1341 1500 1420 placuerant,
1535 1344 1569 1404 ln
1603 1341 1724 1418 qulbus
1757 1339 1872 1400 bilarae

655 1449 801 1512 laetitiae
834 1452 1010 1528 indulgens
1048 1459 1145 1527 poeta
1182 1454 1273 1515 iocos
1306 1455 1467 1529 quosdam
1506 1457 1668 1517 innocuos
1701 1469 1777 1515 cum
1810 1453 1872 1526 ipso

657 1567 852 1639 argumento
882 1565 970 1627 haud
999 1567 1047 1626 ita
1077 1564 1185 1627 firmis
1216 1568 1359 1628 vinculis
1387 1569 1602 1631 cohaerentes
1634 1567 1768 1644 ingenio
1803 1565 1873 1627 ludi·

658 1676 766 1737 bundo
796 1681 1027 1740 exornaverat.
1059 1679 1179 1741 Omitti
1209 1694 1249 1741 aa
1276 1682 1391 1742 omnia
1412 1683 1627 1757 potuissent.
1649 1726 1658 1742 .
1677 1727 1686 1742 .
1705 1695 1772 1741 non
1803 1693 1874 1739 sane

657 1789 728 1850 sine
747 1789 870 1865 insigni
887 1790 1018 1852 rabulae
1037 1792 1249 1869 detrimento,
1270 1793 1366 1854 salva
1388 1797 1501 1856 tamen
1521 1795 1592 1856 elus
1610 1806 1738 1868 trama;
1758 1792 1876 1854 colores

656 1905 691 1961 et
717 1902 827 1977 ipsum
852 1904 951 1965 decus
974 1905 1005 1965 ei
1026 1905 1171 1966 tuissent
1192 1906 1340 1984 ademta,
1364 1923 1429 1968 non
1454 1909 1543 1969 esset
1565 1907 1706 1968 divulsa.
1730 1907 1768 1966 In
1792 1904 1874 1979 aqui·

656 2014 745 2076 tibus
770 2031 846 2078 vero
876 2016 960 2077 nibil
989 2020 1061 2078 erat
1089 2019 1175 2092 quod
1202 2020 1329 2080 inimici
1352 2022 1568 2095 quantumvis
1589 2019 1747 2081 malevoli
1769 2016 1877 2079 inutile

657 2128 813 2192 dicerent.
833 2130 870 2190 In
891 2127 989 2192 linem
1011 2133 1163 2206 optatum
1183 2132 1422 2194 concurrebant
1440 2134 1567 2215 omnia,
1586 2135 1659 2194 sine
1677 2132 1757 2192 uilis
1775 2129 1876 2192 amba·

657 2242 764 2318 gibus.
796 2243 899 2305 Recta
928 2242 1029 2306 flebat
1058 2247 1206 2322 impetus
1235 2248 1269 2307 in
1293 2247 1478 2308 Ballionem
1502 2247 1577 2308 inde
1600 2246 1642 2308 ab
1664 2261 1703 2307 eo
1724 2243 1878 2321 temporie

658 2357 810 2431 articulo,
842 2373 906 2432 quo
929 2359 1080 2433 equitum
1105 2361 1225 2421 chorus
1247 2359 1393 2421 irruebat
1415 2362 1450 2421 in
1473 2362 1694 2437 orchestram,
1718 2355 1879 2433 usquead

657 2469 789 2532 tabulae
819 2472 962 2549 exitum,
996 2488 1058 2546 quo
1088 2488 1209 2534 servus
1239 2473 1468 2534 fraudulentus
1493 2474 1527 2535 in
1550 2475 1785 2549 angiportuum
1809 2471 1878 2532 late

658 2583 736 2644 bras
770 2585 962 2646 immundas
977 2571 983 2581 “
996 2586 1199 2662 abigebatur.
1241 2586 1386 2648 Dicteria
1418 2587 1557 2663 ludicra,
1595 2585 1731 2648 verbula
1762 2585 1879 2658 ἰεεειε,

661 2700 801 2758 venusta
835 2699 966 2760 cantica
999 2700 1061 2761 boc
1094 2714 1224 2774 quoque
1256 2703 1374 2775 poetae
1415 2715 1498 2776 opus
1536 2700 1644 2760 multa
1677 2698 1821 2759 habebat
1851 2699 1881 2756 et

659 2808 808 2872 infinitos
839 2811 1017 2873 cachinnos
1046 2815 1243 2889 praesertim
1269 2815 1358 2875 inter
1380 2815 1493 2878 minus
1514 2815 1593 2875 culti
1615 2815 1741 2888 ingenii
1762 2813 1882 2888 specta·

658 2927 748 2985 tores
772 2925 949 2986 excitavit:
976 2927 1153 3003 „inutiles”
1176 2927 1399 3003 digressiones
1421 2943 1486 2989 non
1510 2944 1548 2991 eo
1571 2943 1635 3002 quo
1652 2927 1883 3005 properabatur

659 3037 818 3098 ducentes
842 3038 984 3100 habebat
1007 3039 1126 3102 nullas.
1154 3041 1224 3101 Non
1248 3040 1346 3102 flores
1369 3041 1530 3102 amabiles
1552 3043 1611 3103 sed
1633 3041 1726 3116 iungi
1748 3037 1883 3114 maligni

659 3166 734 3213 vera
765 3167 851 3213 novo
880 3156 1115 3228 procreverunt
1145 3170 1188 3215 ex
1211 3154 1283 3215 solo
1305 3155 1437 3230 putrido
1460 3155 1700 3216 discordiarum
1725 3153 1883 3226 civilium,

656 3264 795 3327 formosi
807 3281 889 3328 saue
900 3267 1086 3342 viridisque
1099 3268 1264 3330 coloribus
1275 3270 1438 3346 insignes,
1455 3270 1513 3330 sed
1527 3284 1653 3330 veneno
1665 3266 1884 3331 iniectisaimt
1975 3264 1976 3267 ’

703 3493 762 3554 Rei
784 3493 934 3569 publicae
957 3495 991 3556 in
1015 3496 1188 3570 Equitibus
1213 3497 1448 3572 nihilomagis
1471 3496 1688 3557 maledictum
1711 3499 1764 3558 est
1787 3510 1884 3571 quam

658 3607 693 3666 in
722 3607 1009 3684 Acharnensibus;
1040 3625 1119 3671 nam
1150 3611 1183 3670 in
1214 3611 1335 3672 fortem
1359 3616 1600 3684 strenuumque
1623 3611 1885 3671 marathonoma·
1975 3668 1976 3691 χ

660 3721 757 3781 clrum
789 3722 845 3796 qui
874 3722 1067 3785 mutabatur
1093 3724 1252 3802 Populus,
1277 3725 1435 3801 propudio
1458 3723 1593 3785 babitus
1616 3723 1680 3784 dici
1702 3726 1761 3784 aut
1784 3721 1886 3785 videri
1975 3706 1976 3745 ³

659 3848 726 3894 non
755 3835 873 3910 potuit.
898 3835 1022 3897 'l'amen
1047 3840 1180 3912 negotia
1202 3839 1285 3899 haec
1307 3838 1421 3899 tabula
1442 3840 1558 3913 poetae
1581 3837 1766 3914 facessivit,
1791 3839 1887 3910 ξενίας
1975 3822 1976 3873 1

658 3947 747 4008 enim
770 3953 903 4024 propter
925 3965 999 4010 eam
1024 3954 1077 4012 est
1098 3951 1324 4012 insimulatus.

704 4060 774 4136 Qua
804 4061 843 4123 de
873 4078 908 4124 re
938 4079 1023 4138 quae
1053 4066 1243 4139 accepimus
1274 4065 1478 4141 testimonia,
1515 4067 1573 4126 aut
1607 4063 1775 4125 sublestae
1808 4067 1887 4124 sunt

657 4174 733 4236 fidei
755 4178 815 4238 aut
837 4177 1003 4252 ambiguis
1026 4177 1138 4239 verbis
1161 4182 1329 4254 concepta.
1361 4178 1564 4254 Quapropter
1586 4177 1679 4238 mere
1701 4179 1758 4251 qui
1779 4179 1887 4252 ipsam

658 4303 729 4350 rem
761 4291 796 4351 in
826 4291 961 4353 dubium
986 4297 1143 4353 vocarent
1166 4292 1217 4352 vel
1242 4294 1344 4353 etiam
1368 4307 1389 4352 a
1410 4293 1496 4354 seris
1518 4293 1754 4368 interpretibus
1775 4289 1888 4352 fictam

658 4404 906 4466 contenderent.
942 4405 1052 4480 Ipsius
1087 4407 1201 4466 tamen
1236 4408 1354 4481 poetae
1389 4439 1430 4450 -
1465 4420 1529 4479 quo
1562 4405 1633 4466 eolo
1663 4405 1733 4466 iam
1763 4405 1890 4466 utimur

656 4519 745 4578 teste
775 4518 893 4580 idoneo
918 4551 958 4564 —
984 4519 1146 4593 quaedam
1178 4518 1279 4581 verba
1309 4519 1393 4580 satis
1423 4519 1505 4580 bene
1528 4517 1679 4595 intellegi
1701 4533 1803 4594 posse
1825 4531 1890 4577 non

657 4631 822 4708 videntur,
847 4633 912 4694 nisi
942 4632 1040 4704 ξενίας
1065 4633 1204 4694 crimine
1227 4647 1343 4695 revera
1365 4633 1507 4708 petitum
1531 4633 1708 4693 sumimus.
1732 4632 1891 4693 Fortasse

658 4745 747 4806 haud
767 4745 995 4822 improbabilis
1016 4779 1055 4789 —
1078 4761 1157 4807 nam
1176 4750 1268 4808 certa
1286 4747 1340 4807 bic
1358 4761 1424 4807 non
1444 4745 1706 4821 expectanda-
1724 4745 1891 4806 videbitur

661 4873 745 4934 quae
769 4860 919 4933 sequitur
943 4860 991 4920 rei
1014 4860 1188 4935 expositio.

705 4973 780 5037 Una
799 4973 973 5035 bominum
992 4976 1104 5036 aetate
1120 4976 1197 5034 ante
1216 4973 1294 5034 belli
1311 4973 1581 5050 Peloponnesiaci
1599 4973 1734 5035 initium
1747 4969 1891 5034 Athenis
