4375 6284
756 881 835 925 vrrs
857 878 897 923 aa
921 882 1089 928 ornamus.
1475 867 1537 926 103

360 1060 394 1119 ln
423 1056 646 1118 Pacificatrice
675 1055 787 1117 fabula
818 1057 868 1118 vir
896 1057 1003 1117 iratus
1032 1056 1191 1118 mulieres
1216 1056 1353 1116 vocabat
1378 1055 1542 1133 „Euripidi

322 1174 503 1247 cunctisque
538 1171 602 1233 diis
635 1171 860 1232 invisissimas
894 1173 1079 1234 excetras.”
1112 1171 1273 1232 Excetrae
1303 1170 1379 1232 illae
1409 1169 1542 1231 tandem

321 1289 452 1362 denique
475 1285 677 1361 abruperunt
698 1285 905 1361 patientiam.
930 1287 1018 1347 Satis
1040 1287 1107 1346 iarn
1128 1285 1386 1346 calumniarum!
1409 1285 1543 1361 Semper

321 1417 371 1463 eas
399 1402 432 1462 in
464 1414 518 1462 ore
542 1399 643 1461 habet
664 1400 850 1476 Euripides,
875 1415 1007 1476 semper
1028 1400 1059 1461 ei
1082 1402 1242 1475 estquod
1268 1400 1412 1473 maligno
1435 1399 1475 1460 de
1498 1399 1539 1459 iis

318 1517 414 1576 duat:
438 1514 534 1575 hodie
557 1514 733 1576 ostendent
752 1513 782 1574 ei
805 1529 870 1575 non
893 1514 1020 1576 trustra
1042 1514 1201 1576 locutum.
1221 1515 1334 1576 Nonne
1354 1515 1540 1590 vituperare

318 1629 396 1691 solet
425 1628 511 1704 quod
543 1628 596 1690 sui
628 1628 709 1688 iuris
740 1642 806 1689 non
835 1628 906 1689 sint
934 1629 1043 1690 satis?
1067 1629 1218 1706 Operam
1232 1628 1334 1704 igitur
1357 1629 1481 1690 dabunt
1503 1635 1541 1689 ut

319 1743 407 1819 iant,
437 1743 471 1803 in
497 1743 570 1818 ipso
594 1745 709 1803 autem
732 1742 877 1818 primum
901 1743 1024 1804 iaciant
1046 1743 1239 1818 periculum.
1262 1742 1303 1804 dt
1326 1743 1483 1816 quoniam
1507 1742 1539 1802 in

318 1861 421 1917 cetera
450 1856 521 1916 vita
552 1871 594 1917 ex
624 1855 771 1917 virorum
803 1856 946 1931 pendent
975 1856 1161 1933 voluntate,
1187 1857 1326 1918 consilia
1346 1872 1407 1917 suo
1429 1858 1538 1916 marte

319 1970 458 2046 capiendi
477 1969 523 2030 ibi
542 1970 666 2031 facient
683 1969 815 2033 initium
832 1969 889 2030 ubl
901 1969 1033 2032 illorum
1046 1970 1190 2032 arbitriis
1203 1986 1266 2032 non
1280 1973 1358 2032 sunt
1368 1970 1538 2032 obnoxiae.

318 2084 570 2160 Thesmophoria
592 2084 681 2145 enim
705 2099 762 2160 per
782 2084 963 2145 triduuma
980 2085 1114 2146 leminis
1133 2085 1167 2145 in
1186 2085 1311 2161 templo
1328 2085 1439 2147 Bonae
1458 2084 1537 2146 deae

318 2199 445 2273 eiusque
476 2197 578 2258 Filiae
608 2197 711 2258 nullis
740 2198 889 2261 maribus
918 2199 1076 2260 admissis
1099 2198 1265 2260 celebrata
1282 2198 1535 2274 integerrimam

317 2312 353 2372 iis
374 2311 532 2388 praebent
553 2311 756 2374 deliberandi
778 2314 812 2372 et
834 2289 1028 2374 decernendi
1051 2313 1252 2374 libertatem.

356 2427 458 2488 Hodie
489 2427 523 2487 in
555 2427 710 2489 concione
741 2427 934 2503 mulierum,
959 2442 1043 2502 quae
1065 2428 1106 2488 ad
1129 2427 1252 2488 testum
1266 2426 1356 2488 *illud
1378 2426 1538 2488 sollemne

317 2541 496 2602 obeundum
523 2544 762 2618 convenerunt,
788 2544 905 2616 poetae
927 2542 1178 2617 septuagenario
1201 2557 1307 2619 poena
1329 2540 1538 2617 irrogabitur,

318 2659 424 2731 utpote
441 2670 558 2717 ‘sexus
589 2655 723 2717 feminei
754 2655 851 2718 osori.
883 2655 946 2717 Sed
976 2656 1149 2718 consilium
1178 2656 1216 2718 de
1240 2672 1278 2718 eo
1301 2656 1397 2718 bodie
1420 2657 1538 2732 agendi

318 2770 437 2845 pridem
461 2771 582 2831 initum
607 2770 716 2847 ipsum
741 2785 806 2832 non
829 2771 927 2832 latuit
951 2805 991 2815 -
1017 2787 1135 2846 nempe
1158 2771 1242 2832 clam
1266 2771 1323 2832 illo
1341 2771 1418 2845 quid
1438 2773 1539 2846 agant

318 2883 472 2946 feminae!
500 2918 540 2928 —
561 2887 595 2945 et
614 2885 891 2958 quemadmodum
911 2885 945 2946 in
965 2878 1036 2946 a'rte
1054 2899 1295 2960 suanunquam
1309 2887 1400 2946 caret
1413 2883 1541 2945 callidis

316 2997 457 3060 ardflciie
483 3000 524 3060 ad
551 3014 662 3060 rerum
686 2999 790 3059 nodos
813 2999 1029 3075 quantumvis
1052 2999 1225 3076 perplexos
1248 2998 1466 3075 dirimendos,
1490 2997 1538 3058 sic

316 3124 397 3173 nunc
413 3112 576 3187 quomodo
594 3112 659 3173 sibi
678 3112 864 3174 consuleret
883 3113 970 3174 baud
990 3111 1165 3174 difficulter
1184 3113 1317 3174 invenit.
1338 3110 1538 3174 consobrino

316 3226 397 3286 enim
432 3227 563 3288 cuidam
599 3227 777 3302 persuadet
810 3229 848 3287 ut
881 3227 1034 3289 muliebri
1068 3229 1181 3287 sumto
1216 3226 1329 3288 habitu
1359 3225 1537 3286 mulierum

316 3338 407 3401 adeat
429 3345 645 3417 conventum,
671 3341 835 3416 flagitium
858 3340 1067 3416 sacrilegum.
1109 3321 1112 3330 ’

355 3452 411 3514 list
432 3455 565 3530 quidem
589 3452 754 3517 difficilior
777 3454 921 3516 hominis
944 3455 1217 3530 quinquagenarii
1240 3457 1272 3515 in
1293 3456 1452 3516 feminam
1472 3468 1535 3515 non

315 3565 409 3627 nimis
438 3571 570 3643 turpem
601 3570 758 3642 mutatio,
791 3569 849 3630 sed
880 3569 1060 3630 adiuvante
1083 3569 1268 3646 Agathone,
1293 3573 1391 3646 poeta
1413 3569 1541 3631 iuniore

315 3681 345 3738 et
371 3679 627 3758 formosissimo,
662 3683 716 3757 qui
741 3685 860 3744 vestes
884 3685 918 3743 et
948 3682 1109 3745 calceolos
1132 3686 1166 3744 et
1189 3684 1307 3758 capitis
1329 3687 1482 3745 ornatum
1506 3688 1541 3745 et

314 3795 504 3856 novaculam
547 3798 582 3855 et
622 3797 699 3871 quid
741 3811 807 3857 non
848 3795 1162 3858 benevolentissime
1183 3797 1346 3874 praebet,
1382 3832 1422 3842 -
1459 3811 1536 3858 nam

218 3952 219 3957 1
314 3908 423 3969 mundi
442 3909 614 3971 muliebris
633 3910 716 3971 nihil
738 3908 848 3971 deficit
867 3909 1103 3971 mollissimum
1119 3910 1325 3972 mortaliumi
1348 3946 1388 3955 -
1410 3911 1539 3987 egregie

314 4022 393 4083 cedit
414 4039 486 4098 res;
510 4024 605 4098 gravi
625 4024 700 4085 dein
719 4024 851 4085 incessu
868 4027 1022 4085 matrona
1040 4027 1218 4100 personata
1228 4025 1390 4101 templum
1404 4025 1539 4087 dearum

313 4135 426 4199 intrat.¹
451 4137 499 4198 Ibi
531 4138 626 4199 adest
656 4138 733 4199 dum
748 4150 752 4159 ’
765 4152 842 4199 reus
873 4135 910 4199 tlt
939 4139 1086 4214 tragicus
1116 4143 1150 4200 et
1173 4139 1358 4214 complures
1381 4139 1539 4200 oratrices

313 4249 343 4308 in
375 4265 451 4312 eum
485 4250 588 4313 verba
616 4250 753 4312 iaciunt.
788 4251 980 4328 ,Euripides
1010 4253 1091 4314 viris
1127 4255 1242 4313 auctor
1272 4253 1335 4313 luit
1369 4257 1407 4313 ut
1436 4253 1540 4314 artius

315 4365 432 4436 ,etiam
452 4381 551 4440 quam
571 4366 713 4427 antehac
734 4363 940 4428 includerent
961 4381 1022 4428 nos
1045 4371 1078 4428 et
1102 4368 1314 4428 custodirent.
1338 4365 1431 4428 Nunc
1454 4369 1539 4443 quic·

316 4479 405 4550 ,quid
424 4482 572 4557 agimus,
597 4481 630 4541 in
649 4481 874 4557 suspicionem
894 4481 1072 4542 incidimus
1096 4484 1130 4542 et
1153 4481 1270 4556 flagitii
1293 4481 1414 4555 aliquid
1432 4481 1540 4543 moliri

315 4595 506 4664 ,credimur
539 4595 682 4670 Quosvls
712 4596 897 4658 culinarum
931 4599 964 4657 et
987 4598 1291 4673 promptuariorum
1316 4593 1454 4671 angulos
1473 4611 1541 4672 per·

317 4709 498 4785 ,vestigant
529 4712 643 4785 patres
671 4710 835 4771 familias:
867 4726 1000 4786 semper
1030 4710 1155 4784 aliquid
1182 4709 1308 4771 fraudis
1332 4709 1471 4772 subolet.
1496 4710 1543 4771 Ns

317 4825 505 4894 ,vasculum
547 4825 679 4898 cuidem
698 4844 702 4854 ·
722 4824 828 4901 frangi
872 4827 982 4901 potest
1024 4825 1102 4901 quin
1137 4825 1239 4885 miras
1273 4823 1459 4899 tragoedias
1493 4822 1541 4883 illi

318 4943 440 5014 ‚agant
474 4937 561 5006 Olim
591 4938 707 5006 tallere
736 4939 827 5004 viros
856 4939 942 5001 haud
973 4937 1106 5000 difficile
1130 4941 1214 5015 erat,
1239 4953 1328 5000 nunc
1351 4937 1433 4999 nihil
1458 4938 1540 5004 eius.
