4375 6284
810 942 852 987 DE
874 941 1003 989 HHRIS.

496 1281 516 1354 9
538 1275 572 1337 8.
596 1276 648 1336 De
669 1276 807 1337 iambis
826 1274 997 1334 dimetria
1018 1277 1056 1334 et
1074 1276 1332 1335 monometris.

352 1478 393 1538 Ut
417 1493 535 1540 versus
557 1478 722 1552 heroicus,
746 1476 795 1537 sic
816 1476 1022 1537 scenicorum
1048 1490 1166 1537 versus
1189 1477 1377 1537 tetrametrl
1400 1492 1418 1537 e
1440 1476 1527 1537 binis

316 1592 464 1652 membris
486 1592 689 1653 coaluerunt.
712 1591 754 1652 llt
775 1589 906 1651 lambos
928 1592 1142 1650 tetrametros
1159 1593 1230 1651 tam
1249 1591 1382 1665 penitus
1400 1592 1526 1651 sensim

315 1706 466 1767 coaluisse
489 1708 527 1766 ut
547 1705 642 1767 locus
664 1704 904 1767 commissurae
927 1704 999 1764 sive
1022 1718 1142 1780 pausa,
1166 1719 1250 1778 quae
1269 1706 1344 1779 post
1363 1704 1528 1780 hipooiem

314 1820 484 1880 mundam
508 1821 580 1880 erat
602 1818 763 1894 legitima,
789 1834 809 1879 a
831 1817 938 1894 poetis
962 1817 1099 1878 comicis
1125 1819 1197 1878 tute
1216 1818 1360 1893 potuerit
1379 1817 1526 1895 neglegi,

313 1934 400 1996 modo
425 1934 572 1995 vidimus
579 1952 587 2008 ;
612 1933 653 1995 de
675 1932 842 1995 trochaeis
863 1932 1068 1994 tetrametris
1091 1932 1180 1993 idem
1203 1931 1314 1993 valere
1337 1948 1417 1994 mox
1439 1933 1526 1995 vide·

313 2048 424 2113 bimus.
448 2049 486 2109 In
508 2048 697 2125 anapaestis
721 2061 797 2110 vero
820 2062 926 2124 pausa
949 2045 1062 2107 sedulo
1086 2061 1218 2123 semper
1241 2047 1293 2107 est
1315 2049 1460 2108 servata.

351 2162 524 2222 Orationes
553 2162 718 2237 longiores
736 2160 941 2222 tetrametris
960 2163 1137 2236 conceptae
1155 2159 1261 2221 claudi
1279 2159 1388 2222 solent
1405 2159 1531 2235 aliquot

313 2275 468 2350 dimetria,
492 2276 697 2336 intermixtis
720 2290 820 2351 saepe
839 2289 904 2335 uno
923 2274 1113 2349 pluribusve
1125 2276 1356 2349 monometrlS‚
1377 2274 1426 2335 sic
1442 2274 1529 2336 iere:

673 2413 766 2448 oro-
789 2412 883 2448 oro-
906 2412 997 2449 ῡιυ.
1021 2394 1105 2449 olL-
1131 2392 1216 2459 (6130.)

671 2526 762 2562 oro-
786 2526 878 2562 ῡιυ-
902 2505 988 2573 (etc.)

672 2640 764 2676 ῦιυ..

671 2752 766 2790 inv..
789 2734 875 2789 wll...

352 2869 413 2932 seh
437 2871 471 2930 et
493 2868 556 2930 soli
578 2883 635 2943 per
657 2882 693 2929 se
715 2866 847 2928 dimetri
870 2866 988 2928 multis
1013 2866 1095 2928 locis
1117 2869 1197 2928 sunt
1218 2872 1369 2945 usurpati
1392 2872 1530 2934 aliterve

312 2997 386 3043 cum
408 2982 563 3045 versibus
585 2980 788 3057 longioribus
811 2981 990 3056 coniuncti,
1015 2996 1042 3042 e.
1068 2997 1098 3056 g.
1121 2981 1186 3043 sic:

663 3118 755 3156 ῡιυ-
778 3100 864 3155 vll.-

663 3232 756 3269 inu-
779 3231 871 3280 040.
894 3231 983 3268 ῦιυ..
999 3200 1021 3277 ¹)

351 3349 572 3411 Numerorum
603 3348 740 3410 libertas
771 3347 804 3409 in
832 3347 985 3408 dimetria
1009 3347 1123 3408 eadem
1147 3362 1232 3422 quae
1254 3348 1287 3408 in
1309 3350 1531 3425 tetrametris;

311 3462 432 3523 eisdem
462 3463 564 3538 igitur
590 3461 723 3523 sedibus
747 3462 946 3536 usurpantur
968 3460 1120 3536 spondei,
1145 3460 1365 3538 tribrachyes,
1394 3463 1533 3540 dactyli,

212 3559 214 3567 ’
311 3577 489 3652 anapaesti.
513 3576 576 3637 Sed
597 3576 821 3651 systematum
843 3573 995 3636 membra
1016 3574 1172 3649 quoniam
1197 3575 1365 3637 artissime
1387 3577 1475 3639 inter
1496 3593 1533 3640 se

311 3689 485 3752 cohaerent
514 3691 547 3752 et
578 3703 693 3751 revera
716 3703 817 3749 unum
842 3702 977 3749 versum
997 3687 1143 3749 efficiunt
1165 3687 1380 3764 praelongum
1398 3686 1436 3768 ⁸),
1466 3706 1532 3754 non

311 3804 374 3864 nisi
396 3805 431 3865 in
453 3802 519 3864 fine
541 3806 764 3878 systematum
788 3817 965 3864 concessus
989 3805 1041 3862 est
1064 3803 1175 3863 hiatus
1197 3804 1254 3863 aut
1275 3802 1386 3864 brevis
1405 3804 1535 3879 syllaba

213 3969 214 3974 ,
311 3931 368 3991 pro
391 3917 492 3993 longa
514 3916 662 3978 hahetur.

456 4219 478 4294 θ
498 4214 535 4278 4,
556 4214 611 4278 De
632 4213 870 4292 syllabarum
890 4215 932 4277 in
952 4213 1089 4276 iambis
1110 4214 1390 4290 suppressione.

353 4417 505 4492 Syllabas
524 4417 636 4479 brevis
652 4418 685 4477 in
704 4417 836 4493 dipodia
854 4414 945 4477 finali
963 4414 1196 4492 suppressione
1214 4419 1320 4485 (orl-)
1339 4414 1535 4477 clauduntur

311 4529 415 4591 iambi
443 4532 630 4594 tetrametri
660 4534 694 4592 et
719 4529 905 4592 iamborum
928 4530 1124 4605 systemata.
1146 4527 1217 4589 Dici
1242 4528 1324 4589 haec
1346 4530 1536 4604 suppressio

311 4644 398 4705 solet
420 4646 564 4707 molosia
585 4647 619 4706 et
640 4644 826 4705 catalectici
849 4646 1009 4705 vocantur
1032 4657 1148 4704 versus
1172 4643 1218 4702 ita
1239 4641 1384 4703 formati.

315 4818 531 4830 —-—.-

344 4938 354 4970 r

342 4941 365 5081 ’ζ
382 4942 680 5081 &azimitarum
697 5018 886 5078 undetriginta]
904 5019 1021 5075 systema
1039 5019 1080 5064 est
1097 5017 1146 5077 sq.
1163 5017 1213 5064 011
1231 5027 1289 5076 sqq.
