4375 6284
660 917 725 979 328
1098 932 1140 976 nr
1162 930 1270 976 rnxru
1292 928 1444 974 τείνετο.

658 1105 793 1180 Legitur
815 1107 929 1166 autem
951 1104 1041 1181 τῆσδε
1063 1111 1116 1182 τῆς
1138 1104 1172 1164 in
1192 1100 1415 1178 sequioribus,
1436 1100 1494 1161 eed
1513 1102 1647 1162 servato
1664 1095 1752 1178 ἡμῶν
1770 1114 1880 1161 verene

658 1219 771 1293 initio;
797 1219 850 1280 bic
873 1233 1000 1292 quoque
1024 1231 1167 1279 nascens
1190 1215 1445 1293 deprehenditur
1468 1215 1599 1277 vitium.
1817 1188 1821 1197 ’

702 1332 776 1394 Ροο.
801 1333 864 1393 987
890 1346 960 1406 sqq.
985 1331 1057 1392 Ηιιι
1081 1333 1169 1407 adea,
1194 1331 1283 1392 alma
1304 1331 1377 1408 dea,
1404 1364 1445 1374 -
1469 1330 1518 1391 sic
1540 1329 1711 1404 'l'rygaeue
1733 1329 1881 1403 precatur

659 1449 700 1508 ad
724 1447 858 1523 Pacem,
885 1480 925 1490 -
950 1447 1072 1507 edenda
1093 1449 1122 1506 te

1015 1567 1261 1639 γενναιοπρεπῶς
1283 1563 1380 1619 τοῖσιν
1404 1555 1541 1637 ἐρασταῖς

1014 1669 1111 1752 ἡμῖν
1136 1674 1167 1734 οἳ
1184 1681 1242 1733 σοῦ
1265 1664 1424 1751 τρυχόμεθ’
1449 1669 1510 1750 ἤδη

1059 1786 1127 1866 τρία
1149 1785 1200 1847 ναί
1224 1781 1284 1847 δέκ’
1310 1785 1368 1865 ἔτη.

704 1902 831 1963 Vitium
866 1905 978 1978 crepat
1014 1903 1182 1978 genitivus
1216 1902 1316 1962 verbo
1350 1900 1514 1983 ιρόχισυιιι
1544 1899 1737 1975 adiunctus,
1767 1897 1884 1958 vitium

660 2032 841 2092 prenomen
864 2011 939 2094 ἡμῖν
962 2018 1085 2078 mieere
1108 2013 1269 2093 παρέλκοι.
1293 2014 1361 2090 Quo
1384 2015 1494 2076 deleto
1515 2013 1696 2076 scribatur:

926 2131 958 2190 οἳ
978 2138 1035 2191 σοῦ
1062 2128 1240 2208 (χωρίς)
1266 2123 1425 2206 τρυχόμεθ’
1451 2125 1511 2206 ἤδη
1533 2125 1592 2187 ντί.

705 2243 787 2305 Cum
819 2244 873 2304 bie
902 2243 984 2306 locis
1016 2244 1229 2306 conferamus
1260 2244 1348 2305 Plut.
1383 2244 1457 2304 148.
1483 2242 1544 2304 Ubi
1568 2243 1639 2318 ipae
1661 2242 1701 2302 de
1725 2256 1763 2302 ee
1784 2239 1885 2312 cario,
1971 2314 1972 2319 ρ

661 2357 763 2418 sortis
786 2358 998 2432 iniquitatem
1023 2358 1235 2433 indignatus:

839 2468 931 2552 ἓγωγί
953 2493 999 2532 τοι
1021 2470 1072 2531 διὰ
1095 2469 1205 2551 μιιιρδν
1227 2468 1408 2551 ἀργυρίδιον

837 2585 948 2658 δοῦλος
971 2583 1142 2667 γεγένημαι,
1168 2583 1233 2645 διδι
1256 2584 1293 2646 ιδ
1317 2583 1367 2662 μὴ
1390 2588 1581 2646 πλουτεῖν
1604 2584 1709 2658 ἴσως.

661 2699 714 2760 Sic
737 2700 775 2777 R,
799 2715 905 2775 neque
928 2701 995 2762 alia
1018 2701 1120 2762 verba
1142 2700 1278 2776 praebet
1300 2699 1338 2776 V,
1363 2702 1422 2761 eed
1444 2698 1581 2776 praebet
1599 2701 1696 2762 aliter
1715 2703 1883 2782 disposita:

839 2811 931 2894 ἔγυγί
952 2836 999 2875 τοι
1021 2812 1072 2875 διδι
1095 2813 1205 2893 μικρὸν
1227 2811 1406 2893 ἀργυρίδων
1428 2812 1537 2885 δοῦλος
1559 2811 1737 2895 γεγένημαι,

843 2925 895 2988 διδι
917 2926 951 2988 ιδ
975 2926 1017 3005 μὴ
1041 2932 1183 2988 πλουτεῖν
1207 2925 1287 2999 ἴσως.

706 3041 779 3102 Non
820 3041 964 3104 mulium
1003 3043 1081 3102 buia
1119 3043 1166 3103 rei
1205 3041 1444 3118 tribueremus,
1484 3056 1563 3103 nam
1610 3043 1736 3118 paeeim
1773 3063 1884 3109 verene

663 3155 696 3215 in
719 3157 748 3215 V
770 3156 859 3217 mele
890 3160 970 3217 sunt
1000 3157 1149 3232 diremti,
1181 3156 1247 3217 niei
1277 3157 1352 3232 ipea
1383 3154 1485 3216 verba
1514 3201 1530 3232 ,
1543 3153 1595 3215 διὰ
1620 3155 1653 3217 τὸ
1679 3157 1722 3236 μὴ
1751 3163 1884 3222 πλουτεῖν

661 3266 755 3340 ἴσως”
786 3272 917 3346 egregie
948 3270 1173 3346 displicerent.
1200 3269 1325 3331 Verum
1348 3271 1383 3330 in
1407 3270 1558 3346 margine
1580 3271 1704 3333 codicis
1730 3274 1882 3336 Rextat:

664 3387 868 3465 ᾼιιρόιερον
892 3384 936 3448 ὢν
959 3386 1128 3466 ἐλεύθερος.
1152 3388 1241 3465 Quae
1265 3389 1368 3449 verba
1389 3385 1469 3449 lieet
1490 3388 1587 3464 signo
1610 3396 1659 3467 ejx
1681 3392 1723 3452 ed
1746 3394 1881 3468 primum

663 3503 808 3564 trimetri
838 3502 976 3563 verbum
1007 3501 1117 3573 δοῦλος
1148 3503 1336 3563 referantur
1359 3501 1436 3579 illia,
1461 3517 1579 3564 revera
1602 3506 1707 3582 ipsiue
1730 3508 1882 3567 enuntiati

664 3631 738 3678 esee
760 3620 890 3692 partem
913 3616 1021 3677 sensit
1043 3616 1255 3691 Heimreicb3
1280 3616 1331 3677 eie
1353 3617 1457 3691 igitur
1479 3631 1554 3678 cum
1579 3618 1637 3679 illo
1659 3620 1857 3682 scribamus:

842 3728 950 3801 δοῦλος
974 3727 1151 3810 γεγένημαι,
1170 3730 1368 3808 πρότερον
1391 3727 1442 3790 ὢν
1466 3727 1698 3811 ἐλεύθερος,

665 3845 739 3904 olim
761 3843 839 3904 liber
861 3859 962 3921 ινουι,
985 3845 1039 3904 ενδ
1055 3848 1186 3920 prepter
1200 3860 1340 3921 paruam
1352 3846 1507 3920 μευνυίοε
1523 3862 1689 3908 rammam
1708 3848 1878 3922 -publico

663 3959 780 4032 opinor
802 3959 930 4019 aerario
953 3958 1100 4020 debitam
1126 3991 1167 4002 -
1187 3973 1296 4019 aerem
1313 3974 1387 4019 eum
1402 3959 1516 4034 [οοιιιε.
1536 3960 1576 4019 In
1594 3959 1774 4037 archetype
1790 3961 1878 4036 igimr

665 4073 746 4132 haec
768 4071 875 4132 fuere:

886 4181 978 4265 ίγιιγί
1000 4206 1046 4246 τοι
1069 4182 1121 4244 iri
1143 4182 1252 4264 μιιιρδν
1275 4181 1454 4264 ἀργυρίδιον

1064 4284 1105 4331 διά
1122 4283 1149 4330 εδ
1165 4283 1198 4342 μὴ
1214 4287 1324 4330 πλουτεῖν
1341 4279 1481 4343 ίιιιινᾶιςῑ)

887 4353 995 4424 δοῦλος
1018 4351 1196 4433 γεγένημαι,
1218 4354 1366 4433 πρότερον
1389 4349 1433 4413 ὢν
1455 4351 1624 4432 ἐλεύθερος.

711 4468 825 4530 Simile
849 4468 926 4543 quid
951 4467 1006 4543 aq.
1030 4468 1095 4529 325
1120 4467 1251 4530 accidit.
1275 4466 1340 4528 Ubi
1362 4471 1398 4528 et
1419 4467 1448 4526 V
1466 4471 1501 4530 et
1519 4468 1548 4529 R
1566 4471 1601 4529 et
1619 4467 1876 4548 eeteripraebent

667 4584 754 4644 banc
778 4583 975 4644 lectionem:

844 4693 1004 4757 ἀναίδειαν
1026 4693 1103 4775 ἥπερ
1124 4695 1206 4774 μόνη
1228 4699 1391 4775 προστατεῖ
1407 4705 1482 4756 τῶν
1504 4693 1693 4778 ῥητόρων.

702 4988 721 5056 ¹)
737 4993 802 5042 Nam
819 4994 877 5050 boe,
894 5007 946 5042 nen
963 4995 1081 5055 ineptum
1099 4995 1180 5049 ίοιις.
1197 4994 1326 5055 interpres
1344 4993 1449 5042 videtur
1465 4995 1612 5056 aeripedes·
