4375 6284
1090 979 1133 1022 ml
1156 978 1264 1024 curu
1285 979 1438 1028 OERADITO.

872 1138 896 1206 ὦ
916 1143 991 1228 χαῖρ’
1011 1145 1148 1230 Ὀπώρα,
1169 1149 1221 1212 ιιαλ
1242 1153 1280 1212 σὺ
1304 1147 1346 1230 δ’,
1367 1144 1390 1212 ὦ
1415 1152 1540 1233 Θεωρλα.

872 1255 939 1324 οἷον
962 1257 991 1323 ‹l’
1017 1261 1092 1344 ἔχεις
1116 1263 1149 1326 τὸ
1171 1265 1348 1344 πρόσωπον,
1369 1259 1393 1327 ὧ
1418 1267 1570 1347 Θεαρέα
1592 1264 1651 1328 ντέ.

693 1375 758 1442 Ubi
789 1376 830 1438 od
860 1377 968 1452 ipsum
1000 1378 1111 1456 deum,
1143 1395 1209 1442 non
1239 1381 1280 1441 sd
1311 1381 1383 1443 eius
1405 1382 1610 1459 ministram,
1634 1381 1752 1442 ultimo
1771 1381 1860 1442 verbo

649 1491 713 1554 dici
742 1491 891 1552 sentiens
921 1493 1069 1554 lisinelre
1100 1509 1159 1569 pro
1182 1493 1286 1558 oltero
1310 1487 1334 1555 ὦ
1358 1495 1474 1575 Θεωρία
1498 1495 1709 1572 probabiliter
1729 1495 1860 1571 prolecto

649 1606 783 1680 scripsit
808 1605 963 1686 Εἰρήνη
984 1607 1088 1686 φίλῃ.

693 1719 764 1780 Nou
787 1720 899 1781 miuus
921 1725 1074 1796 opertum
1097 1723 1288 1785 huiusmodi
1310 1739 1454 1786 errorem
1478 1724 1625 1786 ostendit
1647 1724 1736 1785 Pluti
1757 1737 1865 1783 versus

648 1832 830 1912 κακόμετρος
855 1836 951 1896 1173.
976 1835 1037 1911 Qui
1059 1837 1093 1897 in
1117 1837 1286 1899 codicibus
1308 1838 1357 1899 sic
1378 1839 1524 1914 scriptus
1547 1840 1617 1900 est:

692 1947 737 2008 V:
873 1944 923 2026 ἀφ’
950 1942 987 2010 οὗ
1009 1948 1067 2029 γὰρ
1090 1949 1212 2028 βλέπειν
1234 1948 1251 2012 ὁ
1275 1954 1456 2025 Πλοῦτος
1478 1949 1598 2030 ἤρξατο.

692 2062 738 2122 R:
872 2057 925 2139 ἀφ’
950 2055 988 2124 οὗ
1010 2061 1068 2143 γὰρ
1092 2061 1109 2125 ὁ
1133 2067 1312 2137 Πλοῦτος
1334 2063 1445 2143 ἤρξατο
1468 2064 1598 2145 βλέπειν.

693 2176 739 2236 A:
873 2171 924 2254 ἀφ’
950 2169 988 2237 οὗ
1010 2175 1068 2256 γὰρ
1092 2173 1109 2237 ὁ
1133 2180 1312 2250 Πλοῦτος
1335 2170 1454 2251 οὗτος
1476 2176 1586 2258 ἤρξατο
1609 2174 1741 2257 βλέπειν.

648 2288 808 2350 Restituit
830 2288 978 2366 Elmsley
1001 2291 1034 2351 id
1057 2293 1144 2366 quod
1168 2307 1268 2354 versu
1292 2293 1357 2355 968
1380 2293 1521 2368 legitur:

868 2401 924 2481 ἀφ’
949 2398 986 2464 οὗ
1009 2405 1066 2484 γὰρ
1091 2403 1107 2465 ὁ
1130 2404 1226 2479 θεὸς
1249 2400 1364 2479 οὗτος
1387 2405 1496 2485 ἤρξατο
1520 2406 1649 2486 βλέπειν.

920 2510 1021 2560 πλοῦτος

648 2575 735 2637 Olim
766 2577 842 2638 luit:
874 2573 890 2635 ὁ
920 2571 964 2636 ὅσ
994 2569 1096 2654 οὗτος,
1127 2593 1212 2653 quse
1241 2578 1338 2640 alitor
1361 2577 1395 2638 in
1418 2577 1493 2638 aliis
1516 2578 1682 2640 codicibus
1704 2579 1785 2639 sunt
1805 2591 1863 2637 cor·
1957 2594 1958 2603 ¹

650 2693 763 2767 rupto,
788 2692 823 2751 in
845 2690 875 2749 V
899 2692 1000 2752 etium
1026 2691 1174 2752 turbata.

691 2805 783 2866 Idem
814 2803 902 2866 Plut.
933 2806 998 2866 226
1028 2805 1177 2867 obtinere
1206 2805 1349 2881 videtur,
1378 2805 1458 2868 licet
1486 2807 1617 2868 codices
1644 2806 1690 2866 ibi
1721 2807 1808 2867 inter
1833 2820 1865 2864 se

647 2920 859 2982 consentiunt
880 2933 986 2994 neque
1009 2919 1173 2980 claudicet
1194 2921 1352 2981 metrum.
1376 2920 1573 2995 chromylus
1594 2920 1762 2982 tumulum
1785 2919 1866 2980 iubet

647 3047 830 3094 convocare
852 3033 1028 3118 agricolus,
1053 3036 1091 3094 ut
1116 3033 1256 3108 quisque
1278 3048 1394 3095 eorum

869 3141 943 3225 ἡμῖν
966 3146 1094 3230 μετάσχῃ
1118 3146 1207 3207 τοῦδε
1230 3155 1284 3207 τοῦ
1308 3147 1492 3208 Πλούτου
1515 3144 1613 3224 μέρος.

645 3262 868 3323 Balbutiontis
897 3264 966 3324 ost:
998 3277 1078 3338 poro
1099 3263 1195 3323 huius
1216 3261 1313 3338 Pluti,
1337 3262 1395 3324 sod
1418 3265 1516 3337 postu
1538 3266 1597 3324 out
1616 3266 1716 3322 θεοῦ
1741 3262 1866 3324 dederat

1328 3365 1432 3410 πλούτου
1616 3367 1628 3407 l

646 3437 705 3496 eut
728 3431 900 3510 dputes,
923 3433 1003 3495 olim
1027 3433 1131 3508 igitur
1152 3433 1235 3494 luit:
1259 3440 1313 3492 τοῦ
1335 3437 1414 3492 θεοῦ
1437 3436 1497 3494 eut
1518 3441 1572 3491 wo
1595 3377 1727 3512 λγοαυιλλο.

689 3547 730 3607 lit
753 3547 891 3608 tertium
914 3547 1107 3624 exemplum
1130 3547 1250 3608 Plutus
1273 3542 1384 3608 iubula
1407 3547 1544 3622 praebet
1566 3563 1616 3608 vs.
1641 3548 1725 3607 727:

867 3660 940 3738 μετὰ
961 3669 1055 3720 ταῦτα
1078 3669 1118 3743 τῷ
1143 3660 1351 3721 Πλούτωνι
1373 3657 1604 3740 παρεκαθέζετο.

646 3773 708 3849 Qui
727 3775 830 3835 dativi
848 3776 1013 3836 terminus
1031 3773 1187 3835 insolitus
1203 3775 1238 3834 in
1256 3774 1394 3836 scholiis
1412 3774 1598 3836 detenditur
1609 3771 1742 3834 collatis
1753 3773 1862 3848 sopho·

645 3888 707 3949 clis
730 3887 856 3949 duobus
879 3887 1030 3949 versibus
1052 3888 1108 3962 qui
1125 3888 1222 3950 hodio
1240 3887 1372 3949 aliunde
1390 3903 1456 3950 non
1475 3891 1555 3949 suut
1573 3887 1713 3962 cogniti;
1726 3889 1863 3964 priscum

645 4002 747 4076 igitur
777 4001 954 4063 lectionem
987 4016 1061 4062 esso
1092 4003 1239 4075 upporst.
1271 4001 1458 4063 Admodum
1482 4002 1596 4061 tumeo
1620 3999 1802 4076 probabilis
1822 4001 1866 4059 cst

646 4116 832 4191 Kuppeyuii
855 4117 1061 4176 conlectura:
1085 4111 1215 4193 γέροντι.
1239 4114 1299 4190 Qui
1321 4115 1351 4174 si
1374 4129 1491 4176 verum
1516 4115 1613 4191 vidit,
1634 4114 1713 4175 olim
1737 4114 1815 4176 mit:

1021 4293 1061 4367 τῷ
1085 4218 1244 4364 γέριβύνῗι
1267 4280 1495 4361 παρεκαθέζετο.

645 4399 700 4461 sic
730 4398 817 4482 apud
847 4398 1036 4475 Euripidem
1068 4396 1143 4458 οὑπὶ
1165 4397 1253 4480 κώπῃ
1276 4394 1480 4475 ψυχοπομπὸς
1493 4442 1499 4455 .
1513 4393 1676 4477 ..γέρων
1698 4399 1731 4458 in
1756 4395 1861 4458 codici·

645 4510 708 4573 bus
730 4512 840 4573 luctus
859 4515 912 4573 est
929 4509 1003 4571 obul
1021 4511 1110 4595 κώπῃ
1128 4508 1352 4590 ψυχοπομπὸς.
1366 4509 1546 4588 ..Χάρων
1563 4506 1595 4585 ¹),
1616 4512 1701 4586 opud
1714 4510 1860 4572 Ovidium

646 4626 842 4702 Rhodopeius
864 4626 953 4687 heros
974 4625 1086 4686 lactus
1109 4628 1162 4686 ost
1184 4625 1380 4701 Rhodopeius
1406 4625 1546 4700 Orpheus
1558 4617 1592 4696 ²).

678 4967 699 5029 ι)
716 4971 778 5019 Eur.
796 4971 851 5018 hle.
870 4973 932 5027 stu
951 4983 1017 5018 corr·
1033 4971 1171 5018 Bossoher.

677 5047 699 5116 ¹)
716 5050 763 5099 Or.
781 5051 842 5098 liet.
860 5051 882 5098 Σ
900 5051 944 5107 ⁶⁰3
964 5063 1030 5098 corr.
1045 5051 1178 5098 Heinsius.
