4375 6284
738 994 818 1038 vrra
840 993 880 1038 nn
903 993 1071 1039 oaanrans.
1395 985 1396 990 ’
1474 981 1517 1039 99

314 1163 498 1237 provolvitur
530 1166 564 1225 in
598 1164 719 1225 lectulo
752 1165 971 1227 lucubratorio
1009 1169 1194 1242 porrectus,
1236 1165 1329 1226 librie
1365 1166 1519 1240 varioque

315 1281 453 1352 apparatu
475 1280 631 1355 stipatus.

795 1411 1017 1458 oroanouonrs.
1036 1471 1042 1483 ι

497 1506 706 1581 ,Euripideet

782 1639 996 1686 euuanrnas.

739 1735 828 1812 Quae
852 1753 919 1799 vox
943 1737 984 1798 ad
1007 1741 1131 1800 auree?

782 1856 1016 1951 ‘rrrounoaonra

1148 2005 1265 2067 Editus

497 2115 640 2193 ,Versus
662 2117 744 2178 faeie
766 2118 961 2194 spernieque
983 2121 1134 2180 terram?
1147 2165 1154 2181 .
1169 2164 1198 2181 ..
1223 2118 1418 2181 claudicant

496 2231 676 2305 „Homines
698 2231 762 2308 tui,
778 2247 897 2293 —non
922 2233 1032 2295 miror.
1057 2236 1102 2295 At
1124 2249 1182 2294 cur
1205 2234 1266 2294 hoe
1292 2233 1395 2296 habes

496 2346 646 2420 ,Pannoe
668 2346 843 2408 misellos?
866 2347 937 2407 Iarn
961 2346 1048 2408 seio:
1073 2349 1245 2424 tragoedia

498 2459 795 2536 ,Pauperculorum
821 2463 873 2521 eet
895 2461 971 2522 ieta.
995 2462 1040 2522 At
1062 2476 1095 2539 ο,
1120 2462 1260 2538 supplex
1283 2478 1407 2539 precor,
1446 2511 1449 2525 .

498 2573 684 2649 ,Lauiniam
707 2575 749 2635 da
772 2574 935 2635 dramatis
957 2575 1081 2636 veteris
1105 2577 1205 2637 mihi:

498 2687 677 2763 „Habenda
698 2688 798 2763 longa
820 2689 960 2750 oratioet
981 2689 1066 2750 mihi
1089 2690 1130 2752 ad
1156 2691 1308 2767 chorum,

497 2801 618 2878 ,Quae,
642 2802 676 2862 ni
698 2803 872 2879 placuerit,
898 2803 1027 2864 exitum
1051 2804 1134 2864 mihi
1158 2779 1251 2866 feret.

810 2969 995 3014 nuarernns.

497 3065 605 3141 „Quae
626 3066 774 3128 vellera?
797 3069 848 3128 An
871 3069 981 3128 teetue
1003 3069 1124 3142 quibus
1146 3071 1311 3143 quondam
1336 3070 1440 3132 miser

497 3180 646 3255 ,Oeneus
668 3181 739 3242 suia
763 3182 817 3242 hio
839 3181 990 3256 partibus
1012 3182 1147 3243 functus
1171 3186 1299 3245 senex?

794 3334 1016 3381 arcanoronre.

498 3432 587 3507 ,Non
610 3432 724 3508 Oenei,
749 3433 935 3508 cuiuspiam
958 3437 993 3494 at
1017 3435 1072 3509 qui
1096 3435 1260 3498 miserior.

810 3587 994 3634 nnarernne.

498 3686 691 3762 ,Phoenicis
711 3700 789 3761 ergo
813 3686 919 3748 oculte
942 3688 1111 3749 carentis?

794 3841 1017 3888 nrdanoponrs.

1126 3943 1222 4004 Haud
1245 3944 1310 4006 fuit

498 4053 680 4128 ,Phoenix;
705 4068 800 4115 mene
823 4054 874 4115 vir
896 4056 1004 4116 multo
1024 4059 1096 4117 erat
1119 4057 1334 4121 lacrimosior.

811 4210 996 4258 anemone.

497 4306 606 4382 ,Quae
627 4309 737 4370 lacera
758 4308 892 4370 tandem
917 4311 1022 4371 vestie
1044 4311 1123 4372 huia
1146 4313 1267 4388 petitur
1289 4313 1385 4378 seni?

497 4420 671 4496 ,Fortasse
694 4420 838 4483 mendici
860 4421 1064 4484 Philoctetae
1087 4426 1203 4500 eupit?

793 4576 1017 4628 nroaaononua.

496 4672 667 4747 ,Minimet
692 4673 756 4735 fuit
777 4675 885 4736 multo
908 4691 1004 4737 meua
1027 4677 1219 4740 mendietor.

814 4828 998 4878 nummus·

497 4925 670 5000 ,domasa
693 4927 800 4989 flabile
822 4928 933 5004 poecis
955 4930 1035 4991 illud
1058 4931 1212 5008 pallium,

496 5039 586 5116 ,Quo
609 5039 881 5117 Bellerophonten
905 5043 1044 5105 claudus
1066 5044 1204 5106 indutus
1227 5045 1314 5106 fuit?
