4375 6284
741 924 782 967 nn
805 921 912 966 rsxru
935 919 1087 965 assumo.
1461 905 1526 965 279

314 1097 503 1172 marginibus
527 1097 685 1172 quoniam
709 1095 809 1171 spatii
833 1108 898 1154 non
922 1095 1054 1154 tautum
1079 1093 1216 1168 putabet
1237 1093 1400 1167 quantum
1423 1091 1527 1165 requi·

313 1211 441 1288 rebatur,
480 1210 626 1287 plurime
664 1208 752 1278 loco,
775 1210 855 1269 sunt
893 1209 999 1283 mota,
1040 1221 1106 1266 non
1138 1221 1245 1282 pauca
1278 1203 1526 1281 praetermissa.

313 1324 400 1385 llulto
433 1330 548 1386 tamen
585 1323 766 1398 integriora
807 1324 840 1381 et
881 1319 1034 1380 uberiora
1075 1322 1157 1380 sunt
1190 1318 1318 1379 scholia
1356 1333 1439 1393 quse
1473 1318 1526 1379 hic

312 1437 431 1511 praebet
454 1438 559 1498 codex
582 1452 681 1513 quarn
705 1450 791 1510 quae
814 1435 926 1496 ceteri.

348 1552 459 1612 llisere
490 1553 605 1612 autem
633 1551 807 1610 decurtata
829 1548 965 1623 praebet
988 1547 1091 1609 codex
1115 1547 1152 1622 R,
1177 1561 1237 1607 nec
1259 1546 1325 1606 uisi
1347 1546 1380 1606 in
1404 1546 1524 1607 tabulis

309 1665 565 1728 lcbsrnenstbus
588 1663 776 1739 Lysistrata
795 1661 1148 1737 Thesmophoriazusis
1167 1659 1421 1735 Ecclesiszusis,
1443 1674 1526 1734 quas

215 1747 217 1766 ⁹
310 1793 364 1839 non
393 1779 494 1840 habet
522 1779 561 1853 V,
593 1779 690 1840 utilia
708 1773 739 1847 ¹).
771 1776 871 1837 Nulla
901 1775 1028 1838 scholia
1058 1775 1162 1837 codex
1184 1776 1212 1836 R
1235 1775 1402 1850 adscripta
1425 1773 1525 1834 habet

308 1891 451 1967 Equitum
491 1891 621 1954 tabulae
660 1890 810 1967 partibus
850 1905 910 1952 sex
950 1892 984 1950 at
1021 1890 1117 1951 Pacis
1156 1890 1278 1950 Arium
1316 1889 1523 1963 Lysistrataa

308 2008 444 2080 partibus
469 2007 556 2067 baud
581 2006 721 2082 exiguis,

342 2122 511 2183 Praeterea
540 2120 667 2182 scholia
699 2123 819 2182 extant
847 2120 880 2180 in
912 2119 1023 2180 codice
1054 2122 1083 2180 A
1113 2118 1154 2179 ed
1184 2118 1318 2180 Plutum
1344 2119 1522 2192 Raucaque

307 2248 382 2309 rara,
407 2235 448 2294 ad
471 2233 582 2295 Nubes
606 2233 705 2309 paulo
729 2234 897 2308 uberiora;
921 2234 954 2294 iu
978 2235 1007 2291 Γ
1026 2234 1067 2294 ad
1091 2237 1221 2308 septem
1245 2248 1328 2314 quas
1347 2233 1400 2294 hic
1419 2233 1521 2293 codex

306 2346 526 2422 complectitur
555 2346 700 2424 fabulas,
731 2347 765 2407 in
799 2347 824 2406 Θ
854 2347 895 2407 ad
924 2346 1060 2408 Plutum
1092 2349 1125 2407 et
1155 2347 1291 2422 Equites
1320 2346 1520 2432 frequentia,

305 2475 398 2534 pauca
427 2461 468 2522 ad
498 2460 608 2522 Nubes
640 2463 673 2522 et
704 2461 825 2523 Ranae.
856 2461 965 2522 Etiam
995 2461 1069 2522 ΜΗ
1099 2461 1156 2522 alii
1186 2461 1314 2523 ecbolia
1344 2461 1519 2538 praebentt

304 2574 353 2634 sed
374 2574 510 2636 sordent
533 2590 572 2636 ea
595 2575 708 2636 omnia
731 2575 772 2636 ad
796 2574 923 2636 scholia
945 2575 974 2634 V
999 2577 1033 2635 et
1050 2575 1110 2635 vix
1129 2575 1231 2636 ullius
1251 2577 1330 2636 sunt
1348 2576 1447 2652 pretii
1463 2569 1496 2645 ²).

332 2815 349 2878 ¹}
365 2821 521 2868 Praesertim
545 2817 647 2868 scholis
671 2821 705 2868 sd
730 2819 1025 2882 Thesmophorissusss,
1051 2834 1119 2880 quse
1144 2835 1176 2869 ex
1197 2835 1250 2870 nno
1270 2823 1293 2870 R
1318 2825 1520 2882 cognoscuntur.

302 2898 376 2948 bonae
390 2899 474 2959 frugis
487 2900 553 2946 satis
567 2901 651 2947 mults
664 2899 793 2960 praebent
805 2901 850 2960 (cl.
864 2899 943 2949 schol.
959 2900 991 2947 sd
1006 2901 1112 2948 Thesm.
1127 2902 1168 2957 21,
1183 2903 1224 2958 80,
1238 2903 1296 2958 ici,
1311 2903 1370 2959 428,
1382 2903 1439 2958 809,
1449 2900 1518 2964 cit).

330 2977 347 3037 ¹]
365 2981 473 3028 Prorsus
487 2974 560 3027 nihili
577 2983 639 3026 sunt
647 2983 725 3027 notae
733 2977 1004 3041 Victorisnsell’s'ct.)‚
1014 2993 1079 3040 quse
1088 2982 1182 3028 Petrus
1190 2979 1324 3029 Victorius
1332 2982 1440 3028 asculo
1448 2981 1519 3027 xviv

300 3059 378 3106 sllevil
405 3057 519 3119 margini
534 3057 659 3107 editionis
677 3059 798 3116 Aldinse;
817 3074 868 3108 non
886 3058 956 3108 enim
974 3073 988 3106 e
1007 3059 1145 3109 codicibus
1163 3059 1242 3109 hodie
1259 3059 1426 3108 lstitsntibue
1442 3060 1521 3107 sede

299 3137 380 3186 codice
407 3143 431 3186 1·
453 3151 513 3187 sum
541 3139 644 3186 notuise
666 3138 725 3186 illse
747 3139 911 3201 excerpsisse
934 3140 1050 3187 ostendit
1071 3141 1101 3188 E.
1126 3141 1192 3199 oisy
1214 3142 1399 3188 'Prsnssoticns
1422 3141 1453 3187 oi
1471 3140 1517 3187 the

300 3216 428 3265 American
444 3216 620 3277 Philologicsl
637 3216 802 3266 sesoomtion
821 3221 887 3268 19⁰⁷
905 3233 932 3280 p.
950 3221 1093 3267 lai-ilc.
1390 3211 1394 3218 ’
