4375 6284
640 941 685 1000 62
1157 953 1199 999 1111
1222 952 1347 998 roman

640 1127 778 1189 minime
808 1126 871 1188 sibi
902 1142 975 1188 esse
1004 1128 1039 1187 in
1068 1126 1200 1200 animo;
1232 1129 1267 1187 et
1295 1124 1391 1186 stetit
1413 1126 1591 1201 promisso,
1623 1125 1799 1186 nonenim
1822 1125 1851 1184 in

639 1243 748 1316 ipsum
767 1239 922 1302 Cleonem
942 1240 1085 1301 intendit
1102 1240 1300 1301 facetiarum
1319 1238 1386 1300 tela
1404 1239 1565 1300 aculeata.
1583 1239 1645 1300 Sed
1666 1239 1699 1298 in
1719 1239 1854 1300 dementi

639 1355 780 1427 quodam
811 1353 960 1430 ,Cleonis
983 1353 1205 1414 admiratore‘’
1228 1354 1340 1427 ipsum
1363 1352 1519 1414 cleonem
1539 1353 1720 1428 despicatui
1744 1355 1777 1414 et
1793 1368 1854 1426 pro-

640 1468 737 1542 pudio
769 1468 816 1529 ita
846 1468 975 1542 habuit,
1007 1469 1045 1527 ut
1073 1467 1166 1528 recta
1193 1467 1222 1526 si
1253 1469 1342 1527 esset
1371 1467 1508 1542 petitus,
1534 1467 1646 1527 minus
1668 1467 1808 1528 tortasse
1828 1466 1855 1525 id

641 1583 670 1641 ei
701 1596 802 1655 grave
836 1581 936 1642 tuerit
969 1580 1131 1641 futurum.
1161 1579 1228 1640 Sua
1258 1582 1370 1640 autem
1399 1580 1504 1655 ipsius
1535 1580 1636 1640 verba
1666 1581 1718 1641 eui
1750 1580 1858 1641 tribuit

641 1697 738 1769 poeta
768 1694 967 1755 adolescenti
998 1692 1100 1769 probo
1129 1695 1267 1755 strenuo
1290 1694 1457 1769 prudenti,
1481 1693 1558 1754 huic
1581 1691 1734 1768 „Cleonis
1756 1694 1856 1755 osori·

641 1807 732 1867 dedit
754 1822 886 1868 nomen.

685 1920 731 1982 Ut
749 1921 926 1998 Proagoni,
947 1921 996 1983 sie
1015 1921 1178 1998 etVespis
1196 1921 1342 1998 primum
1360 1920 1544 1998 praemium
1561 1924 1703 1984 cessisse
1718 1924 1858 1996 videtum

642 2041 732 2099 certe
754 2039 885 2114 iniquos
904 2039 970 2099 nisi
993 2037 1120 2100 iudices
1143 2039 1264 2099 sortita
1286 2040 1339 2098 est
1361 2037 1486 2113 tabula,
1508 2039 1621 2099 cedere
1640 2037 1673 2099 id
1692 2040 1722 2100 31
1743 2040 1858 2101 debuit.

641 2151 753 2226 Neque
784 2153 872 2214 enim
903 2153 1058 2216 festivius
1087 2170 1194 2229 neque
1223 2154 1333 2215 acrius
1364 2155 1454 2216 furor
1485 2154 1540 2216 ille
1570 2153 1735 2215 iudicialis
1762 2155 1861 2230 potuit

642 2265 749 2326 rideri.
768 2265 875 2341 Digna
893 2271 1005 2328 autem
1025 2270 1122 2328 erant
1135 2267 1312 2329 tribunalia
1323 2267 1576 2329 Atheniensium
1588 2282 1671 2342 quae
1683 2267 1861 2328 riderentur

643 2377 694 2438 vel
715 2379 814 2440 etiam
834 2379 1080 2441 seriaoratione
1092 2379 1369 2456 vituperarentur.
1381 2380 1565 2441 Verborum
1578 2381 1667 2441 enim
1679 2379 1863 2457 praestigiis

643 2506 719 2552 cum
749 2507 823 2553 reos
853 2495 926 2553 tum
957 2496 1167 2554 accusatores
1194 2509 1305 2555 coram
1327 2491 1504 2569 iudicibus,
1529 2507 1670 2568 quorum
1693 2493 1861 2569 simplicis·

644 2604 721 2664 simi
753 2607 787 2665 et
816 2605 914 2666 rudes
941 2608 1036 2666 eraut
1058 2605 1231 2682 permulti,
1252 2607 1340 2668 male
1363 2607 1484 2668 abusos
1507 2621 1581 2668 esse
1603 2621 1715 2682 saepe,
1741 2621 1807 2667 non
1830 2609 1862 2664 ut

645 2733 761 2778 verum
785 2718 1070 2780 demonstraretur
1091 2719 1162 2779 illio
1185 2733 1320 2795 operam
1342 2719 1455 2780 datam
1481 2734 1556 2780 esse
1575 2719 1787 2794 praesertim,
1811 2717 1863 2778 sed

646 2833 682 2890 ut
711 2832 967 2906 persuaderetur
996 2832 1206 2915 audientibus
1237 2833 1390 2907 quicquid
1421 2849 1438 2893 3
1469 2848 1504 2893 13
1534 2831 1699 2907 loquentis
1722 2834 1813 2893 esset
1834 2831 1864 2890 et

644 2947 907 3006 commoveretur
941 2945 982 3006 iis
1019 2947 1167 3016 animus,
1206 2944 1348 3007 artificia
1385 2947 1485 3020 igitur
1526 2946 1670 3006 oratorie
1703 2945 1864 3018 quaelibet

644 3059 759 3133 cupide
779 3074 854 3119 esse
866 3063 1011 3136 arrepta,
1032 3060 1169 3121 fallaces
1180 3060 1502 3134 argumentationes,
1521 3059 1708 3135 mendacia,
1728 3059 1866 3121 erimina

644 3172 742 3248 falsa,
773 3173 897 3250 mines,
927 3173 1123 3250 calumnias,
1149 3174 1226 3248 quid
1249 3189 1315 3235 non
1338 3175 1371 3235 in
1395 3173 1562 3235 orationes
1586 3172 1773 3234 admissum
1796 3187 1865 3234 esse

644 3289 757 3359 spreta
775 3285 838 3348 tide
858 3291 892 3348 et
911 3289 1022 3364 spreta
1041 3288 1188 3349 iustitiae
1207 3303 1300 3364 cura,
1325 3302 1383 3348 eae
1405 3302 1487 3360 quae
1506 3287 1546 3346 ad
1567 3302 1629 3347 nos
1647 3288 1866 3362 pervenerunt

644 3400 810 3461 orationes
840 3401 957 3473 quavis
987 3402 1055 3461 fere
1085 3401 1206 3476 pagiua
1235 3403 1412 3462 testantur.
1447 3400 1556 3461 Etiam
1584 3399 1865 3460 innocentissimis

646 3512 835 3573 mortalium
858 3515 942 3588 apud
965 3514 1089 3574 iudices
1112 3514 1334 3575 Athenienses
1353 3529 1490 3575 causam
1510 3513 1680 3574 orantibus
1693 3513 1864 3574 verborum

645 3626 720 3687 fuco
749 3641 831 3702 opus
863 3631 949 3702 erat,
982 3631 1014 3686 nl
1045 3627 1168 3688 vellent
1200 3627 1365 3703 damnari,
1398 3630 1432 3688 et
1453 3627 1579 3688 ludicra
1601 3625 1660 3687 illa
1683 3626 1796 3701 imago
1817 3625 1865 3684 tri·

646 3739 815 3800 bunalium
853 3739 1122 3815 Atheniensium,
1158 3755 1257 3815 quam
1297 3740 1434 3816 praehet
1471 3739 1600 3815 Vespae
1638 3739 1765 3814 tabula,
1802 3737 1866 3798 veri

646 3857 805 3929 quantum
837 3854 956 3915 habeat
989 3855 1042 3928 qui
1074 3854 1171 3915 bodie
1200 3869 1315 3914 secum
1345 3853 1518 3930 perpendit
1548 3853 1590 3914 ab
1620 3854 1791 3914 Andocide
1818 3851 1866 3911 vel

646 3968 746 4043 Lysia
780 3982 909 4042 reeens,
941 3968 999 4027 vix
1029 3969 1142 4043 potest
1170 3968 1249 4040 quin
1284 3967 1410 4028 sentiat
1439 3981 1493 4027 res
1524 3982 1544 4027 a
1573 3969 1670 4042 poeta
1705 3967 1794 4027 haud
1824 3967 1867 4025 ita
1957 4048 1958 4059 ἵ

647 4097 845 4159 magnopere
868 4080 1027 4140 adauctas
1052 4081 1103 4140 vel
1127 4081 1287 4141 distortas
1309 4096 1394 4141 esse.

691 4193 837 4270 Cognata
870 4195 969 4269 igitur
1002 4194 1079 4254 licet
1113 4194 1261 4254 Nubibus
1299 4196 1389 4255 esset
1419 4195 1546 4271 vespae
1575 4193 1701 4269 tabula,
1738 4193 1868 4254 facilius

646 4325 745 4381 quam
775 4307 833 4368 illa
863 4324 883 4369 a
913 4307 1011 4382 vulgo
1040 4308 1262 4383 spectantium
1294 4308 1383 4368 iusto
1412 4309 1517 4382 pretio
1547 4308 1658 4383 potuit
1680 4307 1869 4377 aestimari;
1957 4298 1958 4351 ἶ

648 4421 755 4494 magis
790 4424 901 4480 autem
937 4421 1053 4481 statim
1095 4421 1271 4495 adspectus
1304 4420 1455 4496 placebat
1489 4435 1608 4481 senum
1644 4420 1870 4481 aculeatorum

647 4536 765 4594 chorus
789 4534 1004 4609 perridiculus
1029 4550 1130 4608 quem
1156 4535 1301 4594 Nubium
1325 4537 1459 4595 caterva
1483 4534 1593 4595 velata
1616 4537 1650 4594 et
1672 4533 1815 4606 decolor,
1839 4537 1870 4590 et
1957 4572 1958 4601 ,

648 4647 789 4722 plurima
820 4647 987 4709 oculorum
1020 4647 1267 4708 oblectamenta
1288 4647 1431 4708 habebat
1454 4663 1572 4709 canum
1597 4647 1640 4707 lis
1661 4646 1721 4707 illa
1742 4647 1871 4708 tacetis·
1957 4650 1958 4663 ¹

647 4762 745 4820 sima.
779 4761 818 4821 In
851 4759 947 4822 firmo
982 4776 1093 4821 rerum
1127 4760 1397 4834 quotidianarum
1432 4761 1502 4822 solo
1536 4761 1730 4822 felicissime
1765 4760 1871 4820 denuo

650 4876 802 4933 versatus
832 4875 903 4934 erat
931 4873 1188 4948 Aristophanes,
1220 4873 1299 4934 licet
1327 4873 1492 4934 acteone
1519 4874 1751 4948 abstinuisset,
1783 4877 1872 4933 certe

648 4987 851 5047 abstinuisse
873 5002 909 5048 se
933 4986 1132 5061 perhiberet.
