4375 6284
651 930 715 991 332
1090 946 1133 990 or
1155 943 1263 990 rrxru
1285 944 1438 990 omnmo.

649 1113 837 1190 significare
859 1117 970 1191 potest
996 1148 1033 1157 -
1060 1115 1101 1176 ad
1125 1114 1226 1176 (lares
1246 1115 1410 1189 quomodo
1428 1115 1612 1190 pertineret
1628 1114 1871 1187 utostenderet,

648 1227 880 1304 ludimagister
897 1229 1017 1302 aliquis
1036 1229 1273 1304 superscripsit
1301 1225 1372 1304 ,ἐπὶ
1393 1236 1455 1287 τον
1477 1226 1583 1302 λόφων
1605 1226 1759 1288 elnonae&
1783 1225 1871 1286 Simi-

648 1341 716 1403 lem
740 1344 849 1404 iocum
872 1343 1007 1418 praebet
1026 1344 1114 1404 idam
1137 1342 1274 1404 verbum
1292 1343 1328 1403 in
1347 1340 1460 1403 tabula
1477 1344 1657 1402 coaetanea
1673 1341 1871 1415 Lysistrata,

650 1455 706 1516 ubi
730 1456 850 1517 mulier
872 1456 1008 1518 Boeotia
1033 1456 1146 1532 ,salbo
1170 1456 1278 1516 πεδίον
1302 1455 1402 1533 ἔχειν’·
1425 1455 1547 1516 dicitur
1569 1455 1658 1530 (Lya.
1682 1456 1748 1526 88).

694 1684 788 1744 Nunc
818 1684 857 1745 de
880 1684 977 1760 locis,
1001 1684 1056 1745 ubi
1073 1685 1246 1759 proprium
1268 1700 1382 1744 nomen
1405 1684 1611 1760 adscriptum
1634 1683 1751 1744 turbas
1773 1685 1873 1760 dedit,

650 1800 772 1874 aliquid
804 1803 855 1860 est
886 1798 1075 1860 dcundum.
1105 1798 1204 1860 (lenta
1226 1798 1390 1873 quaedam
1415 1801 1449 1859 et
1471 1800 1587 1875 aperta
1609 1799 1875 1873 praemittemus,

650 1913 762 1974 uthis
785 1913 834 1974 uti
858 1914 1025 1988 possimus
1048 1913 1089 1973 ad
1113 1913 1229 1973 abdita
1250 1913 1359 1987 magis
1381 1912 1467 1973 vitia
1487 1911 1687 1986 indaganda.

695 2029 938 2101 Nonnunquam
972 2027 1054 2088 hacc
1088 2041 1217 2102 quoque
1251 2030 1407 2088 monstra
1435 2027 1468 2086 in
1503 2040 1605 2087 coeno
1639 2026 1807 2101 codicum,
1841 2027 1874 2085 ut

650 2156 764 2202 mures
802 2142 837 2201 iu
874 2141 955 2201 limo
992 2140 1166 2215 Aegyptio,
1201 2140 1359 2200 inchoata
1393 2139 1697 2215 deprehenduntur,
1732 2139 1872 2200 nondum

650 2255 805 2332 perlecta.
828 2254 882 2315 Sic
903 2255 1094 2329 Lysistrata
1115 2253 1229 2315 fabula
1250 2254 1284 2315 in
1309 2255 1420 2315 codice
1441 2255 1471 2315 R
1493 2254 1547 2315 his
1567 2254 1679 2316 verbis
1698 2255 1871 2314 clauditur:

871 2365 923 2428 καί
943 2366 999 2428 τὰν
1023 2366 1091 2427 στὰν
1115 2363 1144 2427 δ’
1170 2366 1266 2427 αὐτὰν
1289 2367 1449 2445 κρατίσταν
1591 2367 1643 2426 καί
1665 2366 1721 2444 τὴν
1744 2365 1789 2427 lt?

871 2481 1043 2560 χαλκίοικον
1065 2480 1155 2557 ὕμνει
1619 2455 1754 2534 &lm

873 2594 928 2656 τὰν
951 2595 1134 2673 παμμάχονῑ
1159 2628 1200 2640 -

650 2714 688 2773 Iu
722 2714 854 2773 textum
890 2711 1040 2772 codicum
1075 2709 1102 2769 B
1132 2711 1167 2769 et
1197 2708 1222 2768 P
1252 2711 1423 2786 receptum
1450 2713 1503 2770 est
1525 2711 1870 2784 interpretamentum

649 2825 773 2887 habent
803 2825 911 2885 enim:
941 2818 993 2882 καί
1023 2819 1077 2882 τὰν
1109 2819 1178 2882 στὰν
1207 2818 1235 2880 δ’
1270 2821 1366 2883 αὐτὰν
1392 2822 1552 2902 κρατίσταν
1575 2821 1631 2900 τὴν
1655 2828 1788 2900 Ἀθηνᾶν
1809 2819 1870 2891 arf,

650 2953 795 3000 errorem
820 2941 933 2999 autem
957 2936 1118 2997 articulus
1136 2951 1253 3012 parum
1273 2936 1406 2998 doricus
1424 2937 1480 3014 τήν
1498 2937 1653 3011 quamvis
1671 2937 1740 2998 levi
1757 2937 1870 2997 indicio

649 3053 769 3129 prodit.
792 3051 966 3112 Emblema
988 3049 1198 3111 simillimum
1223 3050 1327 3111 simili
1349 3052 1470 3112 indicio
1492 3051 1643 3126 proditur
1666 3067 1715 3112 vs.
1743 3051 1840 3111 1262:

1049 3159 1179 3243 ἆγροτέρ
1206 3161 1309 3242 ἅρτεμι
1332 3164 1505 3242 σηροκτόνε.

649 3281 714 3342 Ubi
745 3295 811 3340 uon
835 3277 960 3356 Ἆροαμι
984 3313 1024 3322 -
1049 3280 1135 3352 quod
1162 3279 1291 3355 flagitat
1320 3279 1482 3341 dialectus
1506 3313 1546 3323 -
1571 3278 1782 3341 scribendum
1803 3293 1868 3338 esse

649 3395 707 3456 sed
726 3409 848 3454 nomeu
866 3395 1034 3469 proprium
1054 3407 1129 3454 esse
1147 3392 1325 3454 delendum
1345 3393 1464 3455 docent
1486 3394 1631 3469 numeri,
1651 3407 1731 3456 nam
1754 3391 1865 3453 elisum

651 3523 670 3566 ο
689 3509 787 3569 sonat
804 3507 933 3567 vitium.
954 3506 1161 3583 Quamquam
1181 3506 1359 3580 aliquando
1377 3505 1552 3568 tolerabile
1571 3507 1676 3568 videri
1698 3508 1732 3568 id
1754 3506 1864 3583 potuit,

650 3638 729 3683 nam
757 3621 889 3682 Thesm.
924 3621 1007 3681 1077
1041 3619 1142 3681 verba
1174 3612 1291 3699 ,ὦγάθ’
1324 3618 1439 3681 ἔασον”
1467 3622 1681 3696 interpretari
1706 3612 1751 3697 ,ὦ
1772 3615 1864 3697 ἀγαθὴ

650 3733 762 3796 tuomn
786 3735 939 3796 iubemur
962 3735 996 3794 iu
1019 3734 1167 3796 scholiis.

695 3850 794 3910 Hisce
823 3850 924 3924 igitur
952 3848 1035 3909 locis
1066 3849 1107 3909 ad
1137 3848 1252 3910 oculos
1280 3849 1505 3910 demonstrari
1531 3851 1645 3925 potest
1667 3864 1769 3910 error.
1790 3845 1864 3908 alibi

649 3963 774 4025 mentis
803 3965 935 4024 tantum
965 3962 1120 4023 acumine
1150 3964 1307 4024 cernitur.
1337 3963 1373 4023 Ε.
1404 3978 1435 4037 g.
1464 3963 1499 4023 in
1522 3960 1863 4040 Thesmophoriaausis

649 4078 718 4138 dux
736 4075 827 4137 chori
845 4077 879 4136 in
900 4075 1035 4136 exordio
1057 4090 1191 4150 precum
1215 4075 1447 4151 sollemnium,
1471 4090 1556 4149 quae
1578 4080 1689 4137 metro
1712 4075 1863 4137 nunaunt

649 4190 842 4267 adstrictae,
867 4190 917 4250 sic
938 4189 1074 4251 invocat
1097 4190 1237 4250 numina
1259 4190 1406 4260 (Thesm.
1430 4191 1496 4251 296
1519 4196 1620 4265 sqq.):

1093 4300 1220 4382 εὔχεσθε
1243 4307 1310 4362 ταῖν
1328 4301 1350 4374 ¹)
1372 4304 1594 4382 θεσμοφόρων·

1092 4425 1142 4494 τῆν
1164 4416 1302 4496 δήμητρι·
1325 4414 1377 4476 καί
1398 4425 1448 4495 τῆν
1468 4417 1558 4496 κίρηι

1093 4528 1145 4591 καί
1166 4538 1220 4590 τῶν
1242 4531 1375 4593 πλούτων
1396 4527 1447 4591 καί
1469 4539 1518 4610 τῆν
1539 4531 1744 4612 alternatos·

695 4643 751 4704 εἴτε
773 4665 810 4721 τη
833 4651 872 4724 γῆ
895 4642 953 4704 εἴτε
974 4651 1010 4722 τῇ
1087 4641 1141 4704 καί
1162 4652 1212 4722 τῆν
1233 4644 1446 4726 κουροτρόφον
1466 4653 1516 4724 τῆν
1536 4653 1599 4725 γῆν·

694 4733 776 4794 Μία
1087 4756 1139 4819 καί
1160 4767 1215 4819 τῶι
1236 4755 1324 4838 ἓρμῆι
1346 4755 1399 4819 καί
1412 4754 1437 4831 ²)
1459 4758 1586 4840 χάρισιν.

653 4872 871 4884 -ι-

684 4942 705 5004 ¹)
722 4951 771 4991 τοῖν
789 4943 966 4991 scribendum.

683 5020 704 5080 ¹)
722 5020 862 5070 Interoitlil
877 5031 934 5076 ταῖς.
