<?xml version="1.0" encoding="UTF-8"?>
<!DOCTYPE html PUBLIC "-//W3C//DTD XHTML 1.0 Transitional//EN"
    "http://www.w3.org/TR/xhtml1/DTD/xhtml1-transitional.dtd">
<html xmlns="http://www.w3.org/1999/xhtml" xml:lang="en" lang="en">
 <head>
  <title>
</title>
<meta http-equiv="Content-Type" content="text/html;charset=utf-8" />
  <meta name='ocr-system' content='tesseract 3.04.00' />
  <meta name='ocr-capabilities' content='ocr_page ocr_carea ocr_par ocr_line ocrx_word'/>
</head>
<body>
  <div class='ocr_page' id='page_1' title='image "./prolegomenaadar02unkngoog/prolegomenaadar02unkngoog_0065.png"; bbox 0 0 4375 6284; ppageno 0'>
   <div class='ocr_carea' id='block_1_1' title="bbox 759 973 1535 1037">
    <p class='ocr_par' dir='ltr' id='par_1_1' title="bbox 759 973 1535 1037">
     <span class='ocr_line' id='line_1_1' title="bbox 759 973 1535 1037; baseline -0.004 -1"><span class='ocrx_word' id='word_1_1' title='bbox 759 991 838 1036; x_wconf 77' lang='lat' dir='ltr'><strong>vrrs</strong></span> <span class='ocrx_word' id='word_1_2' title='bbox 861 991 900 1036; x_wconf 82' lang='lat' dir='ltr'><strong>nn</strong></span> <span class='ocrx_word' id='word_1_3' title='bbox 923 991 1092 1037; x_wconf 79' lang='lat' dir='ltr'><strong>ornamus.</strong></span> <span class='ocrx_word' id='word_1_4' title='bbox 1492 973 1535 1034; x_wconf 80' lang='lat'><strong>53</strong></span> 
     </span>
    </p>
   </div>
   <div class='ocr_carea' id='block_1_2' title="bbox 311 1158 1547 4190">
    <p class='ocr_par' dir='ltr' id='par_1_2' title="bbox 322 1158 1541 1582">
     <span class='ocr_line' id='line_1_2' title="bbox 324 1158 1538 1241; baseline -0.004 -17"><span class='ocrx_word' id='word_1_5' title='bbox 324 1167 385 1240; x_wconf 91' lang='lat' dir='ltr'><strong>ipse</strong></span> <span class='ocrx_word' id='word_1_6' title='bbox 414 1165 656 1241; x_wconf 76' lang='lat' dir='ltr'><strong>Aristophanes</strong></span> <span class='ocrx_word' id='word_1_7' title='bbox 685 1167 761 1240; x_wconf 91' lang='lat' dir='ltr'><strong>post</strong></span> <span class='ocrx_word' id='word_1_8' title='bbox 790 1179 913 1239; x_wconf 89' lang='lat' dir='ltr'><strong>paucos</strong></span> <span class='ocrx_word' id='word_1_9' title='bbox 944 1178 1050 1224; x_wconf 91' lang='lat' dir='ltr'><strong>annos</strong></span> <span class='ocrx_word' id='word_1_10' title='bbox 1075 1158 1096 1233; x_wconf 82' lang='lat'><strong>¹)</strong></span> <span class='ocrx_word' id='word_1_11' title='bbox 1124 1163 1164 1223; x_wconf 93' lang='lat' dir='ltr'><strong>de</strong></span> <span class='ocrx_word' id='word_1_12' title='bbox 1186 1177 1224 1223; x_wconf 92' lang='lat' dir='ltr'><strong>eo</strong></span> <span class='ocrx_word' id='word_1_13' title='bbox 1247 1160 1342 1222; x_wconf 92' lang='lat' dir='ltr'><strong>tulit:</strong></span> <span class='ocrx_word' id='word_1_14' title='bbox 1369 1160 1538 1236; x_wconf 78' lang='lat' dir='ltr'><strong>„omnium</strong></span> 
     </span>
     <span class='ocr_line' id='line_1_3' title="bbox 325 1272 1541 1353; baseline -0.005 -15"><span class='ocrx_word' id='word_1_15' title='bbox 325 1292 470 1339; x_wconf 90' lang='lat' dir='ltr'><strong>mearum</strong></span> <span class='ocrx_word' id='word_1_16' title='bbox 493 1276 680 1338; x_wconf 83' lang='lat' dir='ltr'><strong>fabularum</strong></span> <span class='ocrx_word' id='word_1_17' title='bbox 705 1277 787 1338; x_wconf 89' lang='lat' dir='ltr'><strong>haec</strong></span> <span class='ocrx_word' id='word_1_18' title='bbox 805 1279 857 1337; x_wconf 88' lang='lat' dir='ltr'><strong>est</strong></span> <span class='ocrx_word' id='word_1_19' title='bbox 876 1276 1025 1353; x_wconf 87' lang='lat' dir='ltr'><strong>optima”</strong></span> <span class='ocrx_word' id='word_1_20' title='bbox 1045 1309 1088 1319; x_wconf 93' lang='lat'><em>-</em></span> <span class='ocrx_word' id='word_1_21' title='bbox 1105 1276 1279 1350; x_wconf 76' lang='lat' dir='ltr'><strong>Equitibus</strong></span> <span class='ocrx_word' id='word_1_22' title='bbox 1297 1276 1333 1336; x_wconf 93' lang='lat' dir='ltr'><strong>et</strong></span> <span class='ocrx_word' id='word_1_23' title='bbox 1350 1272 1541 1347; x_wconf 77' lang='lat' dir='ltr'>Babyloniis</span> 
     </span>
     <span class='ocr_line' id='line_1_4' title="bbox 322 1387 1541 1469; baseline -0.005 -17"><span class='ocrx_word' id='word_1_24' title='bbox 322 1394 462 1469; x_wconf 79' lang='lat' dir='ltr'><strong>ipsisque</strong></span> <span class='ocrx_word' id='word_1_25' title='bbox 495 1393 575 1452; x_wconf 89' lang='lat' dir='ltr'><strong>adeo</strong></span> <span class='ocrx_word' id='word_1_26' title='bbox 613 1391 896 1468; x_wconf 81' lang='lat' dir='ltr'><strong>Achemensibue,</strong></span> <span class='ocrx_word' id='word_1_27' title='bbox 932 1389 1063 1452; x_wconf 76' lang='lat' dir='ltr'><strong>tabulae</strong></span> <span class='ocrx_word' id='word_1_28' title='bbox 1101 1389 1340 1466; x_wconf 88' lang='lat' dir='ltr'><strong>lepidissimae,</strong></span> <span class='ocrx_word' id='word_1_29' title='bbox 1375 1402 1437 1447; x_wconf 94' lang='lat' dir='ltr'><strong>suo</strong></span> <span class='ocrx_word' id='word_1_30' title='bbox 1470 1387 1541 1446; x_wconf 91' lang='lat' dir='ltr'><strong>iure</strong></span> 
     </span>
     <span class='ocr_line' id='line_1_5' title="bbox 323 1509 629 1582; baseline -0.007 -15"><span class='ocrx_word' id='word_1_31' title='bbox 323 1524 388 1570; x_wconf 90' lang='lat' dir='ltr'><strong>eam</strong></span> <span class='ocrx_word' id='word_1_32' title='bbox 411 1509 629 1582; x_wconf 80' lang='lat' dir='ltr'><strong>anteponens.</strong></span> 
     </span>
    </p>

    <p class='ocr_par' dir='ltr' id='par_1_3' title="bbox 316 1613 1539 2498">
     <span class='ocr_line' id='line_1_6' title="bbox 360 1613 1537 1692; baseline -0.008 -10"><span class='ocrx_word' id='word_1_33' title='bbox 360 1622 421 1683; x_wconf 79' lang='lat' dir='ltr'><strong>Sed</strong></span> <span class='ocrx_word' id='word_1_34' title='bbox 453 1619 554 1681; x_wconf 89' lang='lat' dir='ltr'><strong>nimis</strong></span> <span class='ocrx_word' id='word_1_35' title='bbox 585 1618 670 1680; x_wconf 89' lang='lat' dir='ltr'><strong>bona</strong></span> <span class='ocrx_word' id='word_1_36' title='bbox 693 1621 765 1680; x_wconf 92' lang='lat' dir='ltr'><strong>erat</strong></span> <span class='ocrx_word' id='word_1_37' title='bbox 787 1616 899 1678; x_wconf 84' lang='lat' dir='ltr'><strong>Nubes</strong></span> <span class='ocrx_word' id='word_1_38' title='bbox 922 1617 1034 1679; x_wconf 77' lang='lat' dir='ltr'><strong>tabula</strong></span> <span class='ocrx_word' id='word_1_39' title='bbox 1057 1631 1156 1692; x_wconf 90' lang='lat' dir='ltr'><strong>quarn</strong></span> <span class='ocrx_word' id='word_1_40' title='bbox 1180 1631 1264 1690; x_wconf 85' lang='lat' dir='ltr'><strong>quae</strong></span> <span class='ocrx_word' id='word_1_41' title='bbox 1286 1617 1380 1690; x_wconf 89' lang='lat' dir='ltr'><strong>tunc,</strong></span> <span class='ocrx_word' id='word_1_42' title='bbox 1405 1628 1480 1674; x_wconf 91' lang='lat' dir='ltr'><strong>cum</strong></span> <span class='ocrx_word' id='word_1_43' title='bbox 1503 1613 1537 1673; x_wconf 94' lang='lat' dir='ltr'><strong>in</strong></span> 
     </span>
     <span class='ocr_line' id='line_1_7' title="bbox 320 1728 1536 1809; baseline -0.008 -13"><span class='ocrx_word' id='word_1_44' title='bbox 320 1735 495 1796; x_wconf 80' lang='lat' dir='ltr'><strong>certamine</strong></span> <span class='ocrx_word' id='word_1_45' title='bbox 524 1733 654 1794; x_wconf 91' lang='lat' dir='ltr'><strong>scenico</strong></span> <span class='ocrx_word' id='word_1_46' title='bbox 679 1733 824 1808; x_wconf 90' lang='lat' dir='ltr'><strong>primum</strong></span> <span class='ocrx_word' id='word_1_47' title='bbox 848 1735 900 1792; x_wconf 91' lang='lat' dir='ltr'><strong>est</strong></span> <span class='ocrx_word' id='word_1_48' title='bbox 923 1734 1012 1809; x_wconf 88' lang='lat' dir='ltr'><strong>acta,</strong></span> <span class='ocrx_word' id='word_1_49' title='bbox 1036 1746 1098 1793; x_wconf 89' lang='lat' dir='ltr'><strong>suo</strong></span> <span class='ocrx_word' id='word_1_50' title='bbox 1121 1731 1237 1792; x_wconf 88' lang='lat' dir='ltr'><strong>statim</strong></span> <span class='ocrx_word' id='word_1_51' title='bbox 1261 1729 1365 1806; x_wconf 91' lang='lat' dir='ltr'><strong>pretio</strong></span> <span class='ocrx_word' id='word_1_52' title='bbox 1385 1728 1536 1788; x_wconf 89' lang='lat' dir='ltr'><strong>aestima·</strong></span> 
     </span>
     <span class='ocr_line' id='line_1_8' title="bbox 319 1840 1538 1920; baseline -0.007 -12"><span class='ocrx_word' id='word_1_53' title='bbox 319 1851 412 1908; x_wconf 88' lang='lat' dir='ltr'><strong>retur.</strong></span> <span class='ocrx_word' id='word_1_54' title='bbox 445 1847 517 1908; x_wconf 90' lang='lat' dir='ltr'><strong>Non</strong></span> <span class='ocrx_word' id='word_1_55' title='bbox 546 1847 635 1908; x_wconf 90' lang='lat' dir='ltr'><strong>euim</strong></span> <span class='ocrx_word' id='word_1_56' title='bbox 665 1845 877 1920; x_wconf 79' lang='lat' dir='ltr'><strong>flagrantium</strong></span> <span class='ocrx_word' id='word_1_57' title='bbox 908 1847 1055 1907; x_wconf 90' lang='lat' dir='ltr'><strong>colorum</strong></span> <span class='ocrx_word' id='word_1_58' title='bbox 1085 1844 1269 1906; x_wconf 90' lang='lat' dir='ltr'><strong>luminibus</strong></span> <span class='ocrx_word' id='word_1_59' title='bbox 1300 1843 1352 1904; x_wconf 85' lang='lat' dir='ltr'><strong>vel</strong></span> <span class='ocrx_word' id='word_1_60' title='bbox 1383 1840 1538 1902; x_wconf 83' lang='lat' dir='ltr'><strong>violentis</strong></span> 
     </span>
     <span class='ocr_line' id='line_1_9' title="bbox 319 1955 1539 2035; baseline -0.007 -14"><span class='ocrx_word' id='word_1_61' title='bbox 319 1960 515 2022; x_wconf 87' lang='lat' dir='ltr'><strong>clamoribus</strong></span> <span class='ocrx_word' id='word_1_62' title='bbox 543 1974 663 2021; x_wconf 88' lang='lat' dir='ltr'><strong>sensus</strong></span> <span class='ocrx_word' id='word_1_63' title='bbox 693 1961 727 2021; x_wconf 91' lang='lat' dir='ltr'><strong>et</strong></span> <span class='ocrx_word' id='word_1_64' title='bbox 753 1963 901 2022; x_wconf 88' lang='lat' dir='ltr'><strong>mentem</strong></span> <span class='ocrx_word' id='word_1_65' title='bbox 928 1960 1153 2035; x_wconf 78' lang='lat' dir='ltr'><strong>spectantium</strong></span> <span class='ocrx_word' id='word_1_66' title='bbox 1176 1957 1329 2032; x_wconf 76' lang='lat' dir='ltr'><strong>feriebat,</strong></span> <span class='ocrx_word' id='word_1_67' title='bbox 1353 1970 1417 2015; x_wconf 93' lang='lat' dir='ltr'><strong>non</strong></span> <span class='ocrx_word' id='word_1_68' title='bbox 1441 1955 1539 2016; x_wconf 91' lang='lat' dir='ltr'><strong>claris</strong></span> 
     </span>
     <span class='ocr_line' id='line_1_10' title="bbox 318 2071 1538 2152; baseline -0.006 -19"><span class='ocrx_word' id='word_1_69' title='bbox 318 2073 499 2152; x_wconf 79' lang='lat' dir='ltr'><strong>cachinnis,</strong></span> <span class='ocrx_word' id='word_1_70' title='bbox 529 2074 621 2133; x_wconf 92' lang='lat' dir='ltr'><strong>utin</strong></span> <span class='ocrx_word' id='word_1_71' title='bbox 645 2071 915 2134; x_wconf 84' lang='lat' dir='ltr'><strong>Acharnensibus</strong></span> <span class='ocrx_word' id='word_1_72' title='bbox 938 2073 1061 2150; x_wconf 78' lang='lat' dir='ltr'><strong>tabula,</strong></span> <span class='ocrx_word' id='word_1_73' title='bbox 1086 2071 1242 2133; x_wconf 79' lang='lat' dir='ltr'><strong>reboabat</strong></span> <span class='ocrx_word' id='word_1_74' title='bbox 1263 2071 1447 2145; x_wconf 88' lang='lat' dir='ltr'><strong>theatrum,</strong></span> <span class='ocrx_word' id='word_1_75' title='bbox 1472 2081 1538 2127; x_wconf 94' lang='lat' dir='ltr'><strong>non</strong></span> 
     </span>
     <span class='ocr_line' id='line_1_11' title="bbox 317 2181 1538 2262; baseline -0.005 -16"><span class='ocrx_word' id='word_1_76' title='bbox 317 2186 469 2261; x_wconf 76' lang='lat' dir='ltr'><strong>gravibus</strong></span> <span class='ocrx_word' id='word_1_77' title='bbox 499 2185 685 2262; x_wconf 83' lang='lat' dir='ltr'><strong>mugitibus</strong></span> <span class='ocrx_word' id='word_1_78' title='bbox 706 2185 882 2247; x_wconf 89' lang='lat' dir='ltr'><strong>hominum</strong></span> <span class='ocrx_word' id='word_1_79' title='bbox 913 2187 1130 2262; x_wconf 81' lang='lat' dir='ltr'><strong>furiosorum,</strong></span> <span class='ocrx_word' id='word_1_80' title='bbox 1152 2186 1247 2246; x_wconf 88' lang='lat' dir='ltr'><strong>utin</strong></span> <span class='ocrx_word' id='word_1_81' title='bbox 1269 2181 1456 2258; x_wconf 83' lang='lat' dir='ltr'><strong>Equitibue,</strong></span> <span class='ocrx_word' id='word_1_82' title='bbox 1480 2181 1538 2241; x_wconf 91' lang='lat' dir='ltr'><strong>sed</strong></span> 
     </span>
     <span class='ocr_line' id='line_1_12' title="bbox 317 2294 1537 2375; baseline -0.003 -17"><span class='ocrx_word' id='word_1_83' title='bbox 317 2313 466 2361; x_wconf 87' lang='lat' dir='ltr'><strong>sermone</strong></span> <span class='ocrx_word' id='word_1_84' title='bbox 497 2299 625 2360; x_wconf 91' lang='lat' dir='ltr'><strong>modico</strong></span> <span class='ocrx_word' id='word_1_85' title='bbox 652 2299 768 2361; x_wconf 90' lang='lat' dir='ltr'><strong>sedato</strong></span> <span class='ocrx_word' id='word_1_86' title='bbox 792 2299 893 2375; x_wconf 89' lang='lat' dir='ltr'><strong>polito</strong></span> <span class='ocrx_word' id='word_1_87' title='bbox 917 2298 1085 2360; x_wconf 83' lang='lat' dir='ltr'><strong>ridebatur</strong></span> <span class='ocrx_word' id='word_1_88' title='bbox 1108 2298 1282 2360; x_wconf 90' lang='lat' dir='ltr'><strong>bominum</strong></span> <span class='ocrx_word' id='word_1_89' title='bbox 1305 2294 1537 2371; x_wconf 85' lang='lat' dir='ltr'><strong>desipientium</strong></span> 
     </span>
     <span class='ocr_line' id='line_1_13' title="bbox 316 2412 902 2498; baseline -0.002 -27"><span class='ocrx_word' id='word_1_90' title='bbox 316 2412 486 2487; x_wconf 90' lang='lat' dir='ltr'><strong>sapientia.</strong></span> <span class='ocrx_word' id='word_1_91' title='bbox 901 2493 902 2498; x_wconf 5' lang='grc' dir='ltr'>ἵ</span> 
     </span>
    </p>

    <p class='ocr_par' dir='ltr' id='par_1_4' title="bbox 311 2522 1547 4190">
     <span class='ocr_line' id='line_1_14' title="bbox 356 2522 1540 2603; baseline -0.003 -19"><span class='ocrx_word' id='word_1_92' title='bbox 356 2525 465 2585; x_wconf 88' lang='lat' dir='ltr'><strong>Nimis</strong></span> <span class='ocrx_word' id='word_1_93' title='bbox 488 2525 574 2586; x_wconf 93' lang='lat' dir='ltr'><strong>bona</strong></span> <span class='ocrx_word' id='word_1_94' title='bbox 596 2528 668 2586; x_wconf 91' lang='lat' dir='ltr'><strong>erat</strong></span> <span class='ocrx_word' id='word_1_95' title='bbox 690 2525 817 2603; x_wconf 83' lang='lat' dir='ltr'><strong>rabula,</strong></span> <span class='ocrx_word' id='word_1_96' title='bbox 842 2540 925 2600; x_wconf 88' lang='lat' dir='ltr'><strong>quae</strong></span> <span class='ocrx_word' id='word_1_97' title='bbox 948 2524 1047 2600; x_wconf 83' lang='lat' dir='ltr'><strong>vulgo</strong></span> <span class='ocrx_word' id='word_1_98' title='bbox 1067 2524 1240 2586; x_wconf 80' lang='lat' dir='ltr'><strong>offerretur</strong></span> <span class='ocrx_word' id='word_1_99' title='bbox 1262 2522 1457 2598; x_wconf 87' lang='lat' dir='ltr'><strong>spectanda,</strong></span> <span class='ocrx_word' id='word_1_100' title='bbox 1477 2536 1540 2582; x_wconf 88' lang='lat' dir='ltr'><strong>nec</strong></span> 
     </span>
     <span class='ocr_line' id='line_1_15' title="bbox 316 2631 1541 2711; baseline -0.002 -15"><span class='ocrx_word' id='word_1_101' title='bbox 316 2640 426 2698; x_wconf 86' lang='lat' dir='ltr'><strong>tamen</strong></span> <span class='ocrx_word' id='word_1_102' title='bbox 458 2637 544 2699; x_wconf 90' lang='lat' dir='ltr'><strong>bona</strong></span> <span class='ocrx_word' id='word_1_103' title='bbox 574 2636 668 2699; x_wconf 88' lang='lat' dir='ltr'><strong>satis.</strong></span> <span class='ocrx_word' id='word_1_104' title='bbox 700 2638 785 2699; x_wconf 86' lang='lat' dir='ltr'><strong>Nam</strong></span> <span class='ocrx_word' id='word_1_105' title='bbox 816 2637 961 2699; x_wconf 89' lang='lat' dir='ltr'><strong>Nubium</strong></span> <span class='ocrx_word' id='word_1_106' title='bbox 992 2638 1113 2699; x_wconf 89' lang='lat' dir='ltr'><strong>chorus</strong></span> <span class='ocrx_word' id='word_1_107' title='bbox 1141 2636 1243 2711; x_wconf 90' lang='lat' dir='ltr'><strong>aliqui</strong></span> <span class='ocrx_word' id='word_1_108' title='bbox 1266 2636 1349 2696; x_wconf 89' lang='lat' dir='ltr'><strong>satis</strong></span> <span class='ocrx_word' id='word_1_109' title='bbox 1372 2637 1447 2710; x_wconf 88' lang='lat' dir='ltr'><strong>apte</strong></span> <span class='ocrx_word' id='word_1_110' title='bbox 1469 2631 1541 2694; x_wconf 87' lang='lat' dir='ltr'><strong>fieri</strong></span> 
     </span>
     <span class='ocr_line' id='line_1_16' title="bbox 315 2749 1540 2828; baseline -0.003 -18"><span class='ocrx_word' id='word_1_111' title='bbox 315 2766 375 2810; x_wconf 93' lang='lat' dir='ltr'><strong>non</strong></span> <span class='ocrx_word' id='word_1_112' title='bbox 407 2751 523 2828; x_wconf 89' lang='lat' dir='ltr'><strong>potuit.</strong></span> <span class='ocrx_word' id='word_1_113' title='bbox 556 2751 682 2828; x_wconf 88' lang='lat' dir='ltr'><strong>Nempe</strong></span> <span class='ocrx_word' id='word_1_114' title='bbox 711 2750 851 2827; x_wconf 82' lang='lat' dir='ltr'><strong>figuram</strong></span> <span class='ocrx_word' id='word_1_115' title='bbox 883 2751 1080 2812; x_wconf 88' lang='lat' dir='ltr'><strong>muliebrem</strong></span> <span class='ocrx_word' id='word_1_116' title='bbox 1111 2753 1209 2828; x_wconf 89' lang='lat' dir='ltr'><strong>poeta</strong></span> <span class='ocrx_word' id='word_1_117' title='bbox 1238 2749 1400 2810; x_wconf 81' lang='lat' dir='ltr'><strong>tribuerat</strong></span> <span class='ocrx_word' id='word_1_118' title='bbox 1423 2761 1540 2822; x_wconf 84' lang='lat' dir='ltr'><strong>aegrae</strong></span> 
     </span>
     <span class='ocr_line' id='line_1_17' title="bbox 316 2863 1540 2944; baseline -0.005 -18"><span class='ocrx_word' id='word_1_119' title='bbox 316 2867 436 2928; x_wconf 92' lang='lat' dir='ltr'><strong>mentis</strong></span> <span class='ocrx_word' id='word_1_120' title='bbox 466 2866 644 2928; x_wconf 88' lang='lat' dir='ltr'><strong>insomniis</strong></span> <span class='ocrx_word' id='word_1_121' title='bbox 674 2866 755 2944; x_wconf 90' lang='lat' dir='ltr'><strong>illis,</strong></span> <span class='ocrx_word' id='word_1_122' title='bbox 786 2881 870 2941; x_wconf 89' lang='lat' dir='ltr'><strong>quae</strong></span> <span class='ocrx_word' id='word_1_123' title='bbox 899 2881 957 2943; x_wconf 96' lang='lat' dir='ltr'><strong>pro</strong></span> <span class='ocrx_word' id='word_1_124' title='bbox 984 2866 1118 2943; x_wconf 89' lang='lat' dir='ltr'><strong>placitis</strong></span> <span class='ocrx_word' id='word_1_125' title='bbox 1140 2865 1323 2942; x_wconf 85' lang='lat' dir='ltr'><strong>sapientiae</strong></span> <span class='ocrx_word' id='word_1_126' title='bbox 1345 2863 1420 2940; x_wconf 88' lang='lat' dir='ltr'><strong>pius</strong></span> <span class='ocrx_word' id='word_1_127' title='bbox 1441 2874 1540 2934; x_wconf 91' lang='lat' dir='ltr'><strong>quam</strong></span> 
     </span>
     <span class='ocr_line' id='line_1_18' title="bbox 315 2973 1544 3054; baseline -0.007 -14"><span class='ocrx_word' id='word_1_128' title='bbox 315 2981 480 3042; x_wconf 86' lang='lat' dir='ltr'><strong>humanae</strong></span> <span class='ocrx_word' id='word_1_129' title='bbox 503 2979 713 3041; x_wconf 86' lang='lat' dir='ltr'><strong>venditarent</strong></span> <span class='ocrx_word' id='word_1_130' title='bbox 736 2981 888 3042; x_wconf 81' lang='lat' dir='ltr'><strong>Socrates</strong></span> <span class='ocrx_word' id='word_1_131' title='bbox 911 2981 1074 3054; x_wconf 87' lang='lat' dir='ltr'><strong>huiusque</strong></span> <span class='ocrx_word' id='word_1_132' title='bbox 1098 2978 1255 3040; x_wconf 88' lang='lat' dir='ltr'><strong>asseclae.</strong></span> <span class='ocrx_word' id='word_1_133' title='bbox 1275 2977 1336 3038; x_wconf 86' lang='lat' dir='ltr'><strong>Sed</strong></span> <span class='ocrx_word' id='word_1_134' title='bbox 1357 2973 1544 3037; x_wconf 90' lang='lat' dir='ltr'><strong>cuiusmodi</strong></span> 
     </span>
     <span class='ocr_line' id='line_1_19' title="bbox 313 3086 1543 3171; baseline -0.007 -17"><span class='ocrx_word' id='word_1_135' title='bbox 313 3095 412 3170; x_wconf 84' lang='lat' dir='ltr'><strong>igitur</strong></span> <span class='ocrx_word' id='word_1_136' title='bbox 435 3108 511 3156; x_wconf 88' lang='lat' dir='ltr'><strong>esse</strong></span> <span class='ocrx_word' id='word_1_137' title='bbox 534 3095 688 3171; x_wconf 90' lang='lat' dir='ltr'><strong>poterant</strong></span> <span class='ocrx_word' id='word_1_138' title='bbox 711 3093 787 3155; x_wconf 89' lang='lat' dir='ltr'><strong>illae</strong></span> <span class='ocrx_word' id='word_1_139' title='bbox 811 3094 979 3156; x_wconf 77' lang='lat' dir='ltr'><strong>feminae?</strong></span> <span class='ocrx_word' id='word_1_140' title='bbox 1002 3095 1178 3156; x_wconf 87' lang='lat' dir='ltr'><strong>Puellaene</strong></span> <span class='ocrx_word' id='word_1_141' title='bbox 1198 3093 1357 3154; x_wconf 84' lang='lat' dir='ltr'><strong>decorae?</strong></span> <span class='ocrx_word' id='word_1_142' title='bbox 1375 3092 1421 3151; x_wconf 81' lang='lat' dir='ltr'><strong>Ab</strong></span> <span class='ocrx_word' id='word_1_143' title='bbox 1439 3086 1543 3149; x_wconf 88' lang='lat' dir='ltr'><strong>homi-</strong></span> 
     </span>
     <span class='ocr_line' id='line_1_20' title="bbox 314 3200 1543 3284; baseline -0.007 -16"><span class='ocrx_word' id='word_1_144' title='bbox 314 3225 392 3270; x_wconf 91' lang='lat' dir='ltr'><strong>num</strong></span> <span class='ocrx_word' id='word_1_145' title='bbox 413 3209 560 3270; x_wconf 89' lang='lat' dir='ltr'><strong>istorum</strong></span> <span class='ocrx_word' id='word_1_146' title='bbox 580 3209 714 3284; x_wconf 78' lang='lat' dir='ltr'><strong>ingenio</strong></span> <span class='ocrx_word' id='word_1_147' title='bbox 733 3209 824 3270; x_wconf 89' lang='lat' dir='ltr'><strong>arido</strong></span> <span class='ocrx_word' id='word_1_148' title='bbox 844 3223 910 3269; x_wconf 93' lang='lat' dir='ltr'><strong>non</strong></span> <span class='ocrx_word' id='word_1_149' title='bbox 929 3207 1174 3269; x_wconf 85' lang='lat' dir='ltr'><strong>conveniebant</strong></span> <span class='ocrx_word' id='word_1_150' title='bbox 1193 3207 1281 3268; x_wconf 84' lang='lat' dir='ltr'><strong>fetus</strong></span> <span class='ocrx_word' id='word_1_151' title='bbox 1299 3208 1370 3265; x_wconf 91' lang='lat' dir='ltr'><strong>tam</strong></span> <span class='ocrx_word' id='word_1_152' title='bbox 1389 3200 1543 3265; x_wconf 82' lang='lat' dir='ltr'><strong>formosii</strong></span> 
     </span>
     <span class='ocr_line' id='line_1_21' title="bbox 313 3313 1541 3398; baseline -0.008 -16"><span class='ocrx_word' id='word_1_153' title='bbox 313 3322 515 3384; x_wconf 79' lang='lat' dir='ltr'><strong>Aniculaene</strong></span> <span class='ocrx_word' id='word_1_154' title='bbox 533 3322 635 3396; x_wconf 79' lang='lat' dir='ltr'><strong>igitur</strong></span> <span class='ocrx_word' id='word_1_155' title='bbox 654 3324 820 3397; x_wconf 82' lang='lat' dir='ltr'><strong>rugosae?</strong></span> <span class='ocrx_word' id='word_1_156' title='bbox 840 3324 884 3384; x_wconf 83' lang='lat' dir='ltr'><strong>At</strong></span> <span class='ocrx_word' id='word_1_157' title='bbox 903 3322 985 3398; x_wconf 89' lang='lat' dir='ltr'><strong>ipsis</strong></span> <span class='ocrx_word' id='word_1_158' title='bbox 996 3320 1255 3398; x_wconf 88' lang='lat' dir='ltr'><strong>spectatoribus,</strong></span> <span class='ocrx_word' id='word_1_159' title='bbox 1275 3317 1399 3380; x_wconf 84' lang='lat' dir='ltr'><strong>festiva</strong></span> <span class='ocrx_word' id='word_1_160' title='bbox 1411 3313 1541 3377; x_wconf 88' lang='lat' dir='ltr'><strong>ostendi</strong></span> 
     </span>
     <span class='ocr_line' id='line_1_22' title="bbox 312 3429 1541 3514; baseline -0.005 -17"><span class='ocrx_word' id='word_1_161' title='bbox 312 3437 374 3497; x_wconf 88' lang='lat' dir='ltr'><strong>sibi</strong></span> <span class='ocrx_word' id='word_1_162' title='bbox 409 3437 671 3514; x_wconf 84' lang='lat' dir='ltr'><strong>postulantibus,</strong></span> <span class='ocrx_word' id='word_1_163' title='bbox 706 3452 823 3513; x_wconf 86' lang='lat' dir='ltr'><strong>parum</strong></span> <span class='ocrx_word' id='word_1_164' title='bbox 858 3437 1071 3499; x_wconf 85' lang='lat' dir='ltr'><strong>convenisset</strong></span> <span class='ocrx_word' id='word_1_165' title='bbox 1106 3435 1227 3496; x_wconf 89' lang='lat' dir='ltr'><strong>chorus</strong></span> <span class='ocrx_word' id='word_1_166' title='bbox 1256 3433 1338 3494; x_wconf 90' lang='lat' dir='ltr'><strong>adeo</strong></span> <span class='ocrx_word' id='word_1_167' title='bbox 1368 3429 1541 3493; x_wconf 76' lang='lat' dir='ltr'><strong>deformis!</strong></span> 
     </span>
     <span class='ocr_line' id='line_1_23' title="bbox 312 3544 1544 3613; baseline -0.002 -5"><span class='ocrx_word' id='word_1_168' title='bbox 312 3551 472 3613; x_wconf 89' lang='lat' dir='ltr'><strong>Vestibus</strong></span> <span class='ocrx_word' id='word_1_169' title='bbox 505 3554 618 3613; x_wconf 88' lang='lat' dir='ltr'><strong>autem</strong></span> <span class='ocrx_word' id='word_1_170' title='bbox 654 3551 797 3612; x_wconf 89' lang='lat' dir='ltr'><strong>insolitis</strong></span> <span class='ocrx_word' id='word_1_171' title='bbox 827 3551 880 3612; x_wconf 88' lang='lat' dir='ltr'><strong>vel</strong></span> <span class='ocrx_word' id='word_1_172' title='bbox 915 3548 1181 3612; x_wconf 89' lang='lat' dir='ltr'><strong>multicoloribus</strong></span> <span class='ocrx_word' id='word_1_173' title='bbox 1215 3547 1327 3609; x_wconf 87' lang='lat' dir='ltr'><strong>oculos</strong></span> <span class='ocrx_word' id='word_1_174' title='bbox 1360 3544 1544 3608; x_wconf 86' lang='lat' dir='ltr'><strong>delectandi</strong></span> 
     </span>
     <span class='ocr_line' id='line_1_24' title="bbox 313 3660 1543 3736; baseline -0.004 -12"><span class='ocrx_word' id='word_1_175' title='bbox 313 3667 522 3727; x_wconf 88' lang='lat' dir='ltr'><strong>occasionem</strong></span> <span class='ocrx_word' id='word_1_176' title='bbox 556 3665 684 3726; x_wconf 90' lang='lat' dir='ltr'><strong>nullam</strong></span> <span class='ocrx_word' id='word_1_177' title='bbox 720 3663 861 3726; x_wconf 88' lang='lat' dir='ltr'><strong>babebat</strong></span> <span class='ocrx_word' id='word_1_178' title='bbox 894 3664 1036 3725; x_wconf 87' lang='lat' dir='ltr'><strong>Nubium</strong></span> <span class='ocrx_word' id='word_1_179' title='bbox 1078 3664 1218 3736; x_wconf 88' lang='lat' dir='ltr'><strong>cborus;</strong></span> <span class='ocrx_word' id='word_1_180' title='bbox 1254 3660 1429 3722; x_wconf 88' lang='lat' dir='ltr'><strong>ridiculum</strong></span> <span class='ocrx_word' id='word_1_181' title='bbox 1465 3674 1543 3720; x_wconf 87' lang='lat' dir='ltr'><strong>vero</strong></span> 
     </span>
     <span class='ocr_line' id='line_1_25' title="bbox 314 3773 1547 3853; baseline -0.003 -17"><span class='ocrx_word' id='word_1_182' title='bbox 314 3778 445 3839; x_wconf 83' lang='lat' dir='ltr'><strong>vultum</strong></span> <span class='ocrx_word' id='word_1_183' title='bbox 466 3778 519 3839; x_wconf 82' lang='lat' dir='ltr'><strong>vel</strong></span> <span class='ocrx_word' id='word_1_184' title='bbox 538 3777 691 3839; x_wconf 89' lang='lat' dir='ltr'><strong>habitum</strong></span> <span class='ocrx_word' id='word_1_185' title='bbox 709 3778 738 3838; x_wconf 90' lang='lat' dir='ltr'><strong>si</strong></span> <span class='ocrx_word' id='word_1_186' title='bbox 759 3778 908 3839; x_wconf 89' lang='lat' dir='ltr'><strong>comicus</strong></span> <span class='ocrx_word' id='word_1_187' title='bbox 927 3777 970 3837; x_wconf 92' lang='lat' dir='ltr'><strong>iis</strong></span> <span class='ocrx_word' id='word_1_188' title='bbox 989 3775 1177 3853; x_wconf 88' lang='lat' dir='ltr'><strong>tribuisset,</strong></span> <span class='ocrx_word' id='word_1_189' title='bbox 1197 3789 1259 3838; x_wconf 89' lang='lat' dir='ltr'><strong>sua</strong></span> <span class='ocrx_word' id='word_1_190' title='bbox 1278 3775 1383 3850; x_wconf 90' lang='lat' dir='ltr'><strong>ipsius</strong></span> <span class='ocrx_word' id='word_1_191' title='bbox 1398 3773 1547 3834; x_wconf 88' lang='lat' dir='ltr'><strong>carmina</strong></span> 
     </span>
     <span class='ocr_line' id='line_1_26' title="bbox 311 3887 1544 3967; baseline -0.006 -15"><span class='ocrx_word' id='word_1_192' title='bbox 311 3892 421 3954; x_wconf 89' lang='lat' dir='ltr'><strong>sciens</strong></span> <span class='ocrx_word' id='word_1_193' title='bbox 452 3895 486 3953; x_wconf 90' lang='lat' dir='ltr'><strong>et</strong></span> <span class='ocrx_word' id='word_1_194' title='bbox 515 3891 628 3966; x_wconf 90' lang='lat' dir='ltr'><strong>inepte</strong></span> <span class='ocrx_word' id='word_1_195' title='bbox 658 3891 857 3967; x_wconf 90' lang='lat' dir='ltr'><strong>perdidisset</strong></span> <span class='ocrx_word' id='word_1_196' title='bbox 879 3891 961 3966; x_wconf 88' lang='lat' dir='ltr'><strong>ipse.</strong></span> <span class='ocrx_word' id='word_1_197' title='bbox 984 3890 1056 3951; x_wconf 90' lang='lat' dir='ltr'><strong>Non</strong></span> <span class='ocrx_word' id='word_1_198' title='bbox 1079 3890 1171 3950; x_wconf 92' lang='lat' dir='ltr'><strong>enim</strong></span> <span class='ocrx_word' id='word_1_199' title='bbox 1194 3903 1277 3948; x_wconf 90' lang='lat' dir='ltr'><strong>naso</strong></span> <span class='ocrx_word' id='word_1_200' title='bbox 1299 3887 1463 3963; x_wconf 88' lang='lat' dir='ltr'><strong>turpiculo</strong></span> <span class='ocrx_word' id='word_1_201' title='bbox 1487 3888 1544 3945; x_wconf 90' lang='lat' dir='ltr'><strong>ant</strong></span> 
     </span>
     <span class='ocr_line' id='line_1_27' title="bbox 312 4000 1542 4080; baseline -0.007 -14"><span class='ocrx_word' id='word_1_202' title='bbox 312 4005 449 4080; x_wconf 79' lang='lat' dir='ltr'><strong>gibbere</strong></span> <span class='ocrx_word' id='word_1_203' title='bbox 478 4006 587 4067; x_wconf 90' lang='lat' dir='ltr'><strong>risum</strong></span> <span class='ocrx_word' id='word_1_204' title='bbox 618 4020 753 4066; x_wconf 89' lang='lat' dir='ltr'><strong>movere</strong></span> <span class='ocrx_word' id='word_1_205' title='bbox 784 4004 880 4066; x_wconf 89' lang='lat' dir='ltr'><strong>licuit</strong></span> <span class='ocrx_word' id='word_1_206' title='bbox 908 4004 964 4080; x_wconf 89' lang='lat' dir='ltr'><strong>iis,</strong></span> <span class='ocrx_word' id='word_1_207' title='bbox 996 4017 1077 4078; x_wconf 86' lang='lat' dir='ltr'><strong>quas</strong></span> <span class='ocrx_word' id='word_1_208' title='bbox 1109 4002 1201 4062; x_wconf 92' lang='lat' dir='ltr'><strong>hisce</strong></span> <span class='ocrx_word' id='word_1_209' title='bbox 1231 4000 1385 4062; x_wconf 85' lang='lat' dir='ltr'><strong>versibus</strong></span> <span class='ocrx_word' id='word_1_210' title='bbox 1415 4000 1542 4060; x_wconf 84' lang='lat' dir='ltr'><strong>aditum</strong></span> 
     </span>
     <span class='ocr_line' id='line_1_28' title="bbox 311 4111 780 4190; baseline 0 -12"><span class='ocrx_word' id='word_1_211' title='bbox 311 4135 410 4180; x_wconf 90' lang='lat' dir='ltr'><strong>suum</strong></span> <span class='ocrx_word' id='word_1_212' title='bbox 436 4120 630 4180; x_wconf 89' lang='lat' dir='ltr'><strong>nuntiantes</strong></span> <span class='ocrx_word' id='word_1_213' title='bbox 652 4118 730 4180; x_wconf 89' lang='lat' dir='ltr'><strong>iecit</strong></span> <span class='ocrx_word' id='word_1_214' title='bbox 743 4111 780 4190; x_wconf 80' lang='lat' dir='ltr'><strong>²i:</strong></span> 
     </span>
    </p>
   </div>
   <div class='ocr_carea' id='block_1_3' title="bbox 320 4295 539 4304">
    <p class='ocr_par' dir='ltr' id='par_1_5' title="bbox 320 4295 539 4304">
     <span class='ocr_line' id='line_1_29' title="bbox 320 4295 539 4304; baseline -0.018 0"><span class='ocrx_word' id='word_1_215' title='bbox 320 4295 539 4304; x_wconf 70' lang='lat'><strong>————</strong></span> 
     </span>
    </p>
   </div>
   <div class='ocr_carea' id='block_1_4' title="bbox 312 4409 1549 5108">
    <p class='ocr_par' dir='ltr' id='par_1_6' title="bbox 346 4409 1008 4476">
     <span class='ocr_line' id='line_1_30' title="bbox 346 4409 1008 4476; baseline -0.005 -15"><span class='ocrx_word' id='word_1_216' title='bbox 346 4409 366 4476; x_wconf 82' lang='lat'><strong>¹)</strong></span> <span class='ocrx_word' id='word_1_217' title='bbox 383 4413 416 4461; x_wconf 89' lang='lat' dir='ltr'><strong>In</strong></span> <span class='ocrx_word' id='word_1_218' title='bbox 434 4414 580 4460; x_wconf 78' lang='lat' dir='ltr'><strong>retraetata</strong></span> <span class='ocrx_word' id='word_1_219' title='bbox 595 4411 708 4461; x_wconf 83' lang='lat' dir='ltr'><strong>Nubium</strong></span> <span class='ocrx_word' id='word_1_220' title='bbox 726 4411 848 4469; x_wconf 84' lang='lat' dir='ltr'><strong>editione,</strong></span> <span class='ocrx_word' id='word_1_221' title='bbox 865 4411 932 4460; x_wconf 84' lang='lat' dir='ltr'><strong>Nub.</strong></span> <span class='ocrx_word' id='word_1_222' title='bbox 952 4412 1008 4458; x_wconf 76' lang='lat' dir='ltr'><strong>bai.</strong></span> 
     </span>
    </p>

    <p class='ocr_par' dir='ltr' id='par_1_7' title="bbox 312 4477 1549 5108">
     <span class='ocr_line' id='line_1_31' title="bbox 342 4477 1544 4553; baseline -0.005 -12"><span class='ocrx_word' id='word_1_223' title='bbox 342 4491 442 4553; x_wconf 85' lang='lat' dir='ltr'><strong>¹)an</strong></span> <span class='ocrx_word' id='word_1_224' title='bbox 469 4494 600 4541; x_wconf 80' lang='lat' dir='ltr'><strong>oanticum</strong></span> <span class='ocrx_word' id='word_1_225' title='bbox 626 4491 696 4552; x_wconf 87' lang='lat' dir='ltr'><strong>qnod</strong></span> <span class='ocrx_word' id='word_1_226' title='bbox 718 4477 806 4552; x_wconf 84' lang='lat' dir='ltr'><strong>specie</strong></span> <span class='ocrx_word' id='word_1_227' title='bbox 828 4489 909 4538; x_wconf 82' lang='lat' dir='ltr'><strong>latina</strong></span> <span class='ocrx_word' id='word_1_228' title='bbox 931 4495 1052 4539; x_wconf 81' lang='lat' dir='ltr'><strong>ornatum</strong></span> <span class='ocrx_word' id='word_1_229' title='bbox 1075 4488 1119 4539; x_wconf 84' lang='lat' dir='ltr'><strong>bio</strong></span> <span class='ocrx_word' id='word_1_230' title='bbox 1143 4491 1232 4552; x_wconf 87' lang='lat' dir='ltr'><strong>prodit</strong></span> <span class='ocrx_word' id='word_1_231' title='bbox 1254 4504 1322 4549; x_wconf 84' lang='lat' dir='ltr'><strong>qnae</strong></span> <span class='ocrx_word' id='word_1_232' title='bbox 1345 4493 1450 4552; x_wconf 77' lang='lat' dir='ltr'><strong>poetam</strong></span> <span class='ocrx_word' id='word_1_233' title='bbox 1473 4489 1544 4535; x_wconf 79' lang='lat' dir='ltr'><strong>band</strong></span> 
     </span>
     <span class='ocr_line' id='line_1_32' title="bbox 312 4569 1541 4631; baseline -0.004 -12"><span class='ocrx_word' id='word_1_234' title='bbox 312 4573 451 4628; x_wconf 77' lang='lat' dir='ltr'><strong>dedeceat,</strong></span> <span class='ocrx_word' id='word_1_235' title='bbox 475 4573 620 4620; x_wconf 79' lang='lat' dir='ltr'><strong>Hartmano</strong></span> <span class='ocrx_word' id='word_1_236' title='bbox 646 4571 763 4631; x_wconf 75' lang='lat' dir='ltr'><strong>collegae</strong></span> <span class='ocrx_word' id='word_1_237' title='bbox 788 4569 959 4628; x_wconf 79' lang='lat' dir='ltr'><strong>amicissimo,</strong></span> <span class='ocrx_word' id='word_1_238' title='bbox 985 4574 1080 4631; x_wconf 78' lang='lat' dir='ltr'><strong>poetae</strong></span> <span class='ocrx_word' id='word_1_239' title='bbox 1104 4573 1130 4618; x_wconf 87' lang='lat' dir='ltr'><strong>et</strong></span> <span class='ocrx_word' id='word_1_240' title='bbox 1150 4571 1211 4630; x_wconf 89' lang='lat' dir='ltr'><strong>ipsi,</strong></span> <span class='ocrx_word' id='word_1_241' title='bbox 1236 4570 1264 4617; x_wconf 94' lang='lat' dir='ltr'><strong>id</strong></span> <span class='ocrx_word' id='word_1_242' title='bbox 1289 4571 1376 4618; x_wconf 77' lang='lat' dir='ltr'><strong>refero</strong></span> <span class='ocrx_word' id='word_1_243' title='bbox 1399 4571 1541 4629; x_wconf 80' lang='lat' dir='ltr'><strong>acceptum</strong></span> 
     </span>
     <span class='ocr_line' id='line_1_33' title="bbox 312 4648 1549 4710; baseline -0.006 -10"><span class='ocrx_word' id='word_1_244' title='bbox 312 4652 403 4700; x_wconf 81' lang='lat' dir='ltr'><strong>Eidem</strong></span> <span class='ocrx_word' id='word_1_245' title='bbox 428 4650 542 4699; x_wconf 84' lang='lat' dir='ltr'><strong>debetur</strong></span> <span class='ocrx_word' id='word_1_246' title='bbox 558 4651 644 4698; x_wconf 79' lang='lat' dir='ltr'><strong>versio</strong></span> <span class='ocrx_word' id='word_1_247' title='bbox 667 4651 866 4710; x_wconf 77' lang='lat' dir='ltr'><strong>epigrammatis</strong></span> <span class='ocrx_word' id='word_1_248' title='bbox 882 4651 908 4697; x_wconf 90' lang='lat' dir='ltr'><strong>in</strong></span> <span class='ocrx_word' id='word_1_249' title='bbox 926 4663 971 4697; x_wconf 88' lang='lat' dir='ltr'><strong>eos</strong></span> <span class='ocrx_word' id='word_1_250' title='bbox 989 4651 1034 4709; x_wconf 90' lang='lat' dir='ltr'><strong>qni</strong></span> <span class='ocrx_word' id='word_1_251' title='bbox 1055 4648 1089 4696; x_wconf 84' lang='lat' dir='ltr'><strong>ad</strong></span> <span class='ocrx_word' id='word_1_252' title='bbox 1106 4649 1297 4709; x_wconf 76' lang='lat' dir='ltr'><strong>Thermopylas</strong></span> <span class='ocrx_word' id='word_1_253' title='bbox 1315 4649 1477 4703; x_wconf 88' lang='lat' dir='ltr'><strong>ceciderunt,</strong></span> <span class='ocrx_word' id='word_1_254' title='bbox 1493 4661 1549 4694; x_wconf 85' lang='lat' dir='ltr'><strong>oar-</strong></span> 
     </span>
     <span class='ocr_line' id='line_1_34' title="bbox 312 4727 1545 4790; baseline -0.005 -11"><span class='ocrx_word' id='word_1_255' title='bbox 312 4733 412 4779; x_wconf 84' lang='lat' dir='ltr'><strong>minum</strong></span> <span class='ocrx_word' id='word_1_256' title='bbox 440 4743 508 4789; x_wconf 79' lang='lat' dir='ltr'><strong>quae</strong></span> <span class='ocrx_word' id='word_1_257' title='bbox 534 4727 603 4777; x_wconf 80' lang='lat' dir='ltr'><strong>inira</strong></span> <span class='ocrx_word' id='word_1_258' title='bbox 628 4733 775 4789; x_wconf 88' lang='lat' dir='ltr'><strong>sequnntur</strong></span> <span class='ocrx_word' id='word_1_259' title='bbox 800 4731 863 4776; x_wconf 77' lang='lat' dir='ltr'><strong>Bon.</strong></span> <span class='ocrx_word' id='word_1_260' title='bbox 890 4730 938 4776; x_wconf 79' lang='lat'><strong>211</strong></span> <span class='ocrx_word' id='word_1_261' title='bbox 966 4742 1034 4790; x_wconf 60' lang='lat' dir='ltr'><strong>sqq„</strong></span> <span class='ocrx_word' id='word_1_262' title='bbox 1063 4731 1113 4776; x_wconf 78' lang='lat' dir='ltr'><strong>aab</strong></span> <span class='ocrx_word' id='word_1_263' title='bbox 1136 4742 1205 4788; x_wconf 71' lang='lat' dir='ltr'><strong>sqq„</strong></span> <span class='ocrx_word' id='word_1_264' title='bbox 1228 4730 1276 4776; x_wconf 75' lang='lat' dir='ltr'><strong>ait</strong></span> <span class='ocrx_word' id='word_1_265' title='bbox 1300 4740 1367 4788; x_wconf 86' lang='lat' dir='ltr'><strong>sqq.‚</strong></span> <span class='ocrx_word' id='word_1_266' title='bbox 1391 4728 1455 4774; x_wconf 73' lang='lat'><strong>1⁸31</strong></span> <span class='ocrx_word' id='word_1_267' title='bbox 1478 4739 1545 4785; x_wconf 66' lang='lat' dir='ltr'><strong>sqq„</strong></span> 
     </span>
     <span class='ocr_line' id='line_1_35' title="bbox 314 4807 1546 4869; baseline -0.005 -11"><span class='ocrx_word' id='word_1_268' title='bbox 314 4813 375 4858; x_wconf 81' lang='lat' dir='ltr'><strong>uel</strong></span> <span class='ocrx_word' id='word_1_269' title='bbox 404 4823 474 4869; x_wconf 81' lang='lat' dir='ltr'><strong>sqq..</strong></span> <span class='ocrx_word' id='word_1_270' title='bbox 496 4807 560 4856; x_wconf 88' lang='lat' dir='ltr'><strong>item</strong></span> <span class='ocrx_word' id='word_1_271' title='bbox 584 4810 797 4856; x_wconf 79' lang='lat' dir='ltr'><strong>tetrametrorum</strong></span> <span class='ocrx_word' id='word_1_272' title='bbox 820 4809 884 4856; x_wconf 81' lang='lat' dir='ltr'><strong>Bau.</strong></span> <span class='ocrx_word' id='word_1_273' title='bbox 909 4809 957 4855; x_wconf 81' lang='lat' dir='ltr'><strong>‘ico</strong></span> <span class='ocrx_word' id='word_1_274' title='bbox 975 4821 1023 4868; x_wconf 71' lang='lat' dir='ltr'><strong>sq„</strong></span> <span class='ocrx_word' id='word_1_275' title='bbox 1047 4808 1225 4855; x_wconf 84' lang='lat' dir='ltr'><strong>trimetrorum</strong></span> <span class='ocrx_word' id='word_1_276' title='bbox 1248 4808 1311 4855; x_wconf 76' lang='lat' dir='ltr'><strong>Aah.</strong></span> <span class='ocrx_word' id='word_1_277' title='bbox 1335 4808 1384 4853; x_wconf 72' lang='lat'><strong>824</strong></span> <span class='ocrx_word' id='word_1_278' title='bbox 1402 4819 1459 4866; x_wconf 87' lang='lat' dir='ltr'><strong>sqq.</strong></span> <span class='ocrx_word' id='word_1_279' title='bbox 1482 4807 1546 4853; x_wconf 74' lang='lat' dir='ltr'><strong>usn.</strong></span> 
     </span>
     <span class='ocr_line' id='line_1_36' title="bbox 313 4883 1545 4949; baseline -0.007 -11"><span class='ocrx_word' id='word_1_280' title='bbox 313 4893 360 4938; x_wconf 75' lang='grc'><strong>165</strong></span> <span class='ocrx_word' id='word_1_281' title='bbox 378 4903 451 4949; x_wconf 69' lang='lat' dir='ltr'><strong>sqq„</strong></span> <span class='ocrx_word' id='word_1_282' title='bbox 474 4890 538 4936; x_wconf 72' lang='lat'>1402</span> <span class='ocrx_word' id='word_1_283' title='bbox 556 4900 625 4948; x_wconf 68' lang='lat' dir='ltr'><strong>sqq„</strong></span> <span class='ocrx_word' id='word_1_284' title='bbox 648 4889 788 4948; x_wconf 76' lang='lat' dir='ltr'><strong>fragmenti</strong></span> <span class='ocrx_word' id='word_1_285' title='bbox 811 4901 825 4934; x_wconf 90' lang='lat' dir='ltr'><strong>e</strong></span> <span class='ocrx_word' id='word_1_286' title='bbox 845 4888 927 4934; x_wconf 77' lang='lat' dir='ltr'><strong>Musis</strong></span> <span class='ocrx_word' id='word_1_287' title='bbox 948 4883 1092 4944; x_wconf 80' lang='lat' dir='ltr'><strong>Phryniohi</strong></span> <span class='ocrx_word' id='word_1_288' title='bbox 1116 4887 1197 4933; x_wconf 82' lang='lat' dir='ltr'><strong>allati.</strong></span> <span class='ocrx_word' id='word_1_289' title='bbox 1221 4886 1269 4934; x_wconf 80' lang='lat' dir='ltr'><strong>(ini</strong></span> <span class='ocrx_word' id='word_1_290' title='bbox 1292 4883 1391 4945; x_wconf 75' lang='lat' dir='ltr'><strong>gratias</strong></span> <span class='ocrx_word' id='word_1_291' title='bbox 1408 4897 1455 4945; x_wconf 90' lang='lat' dir='ltr'><strong>pro</strong></span> <span class='ocrx_word' id='word_1_292' title='bbox 1472 4887 1545 4930; x_wconf 77' lang='lat' dir='ltr'><strong>tanto</strong></span> 
     </span>
     <span class='ocr_line' id='line_1_37' title="bbox 313 4963 1546 5026; baseline -0.006 -9"><span class='ocrx_word' id='word_1_293' title='bbox 313 4970 443 5018; x_wconf 82' lang='lat' dir='ltr'><strong>beneflcio</strong></span> <span class='ocrx_word' id='word_1_294' title='bbox 467 4972 493 5016; x_wconf 83' lang='lat' dir='ltr'><strong>et</strong></span> <span class='ocrx_word' id='word_1_295' title='bbox 515 4967 599 5015; x_wconf 88' lang='lat' dir='ltr'><strong>debeo</strong></span> <span class='ocrx_word' id='word_1_296' title='bbox 622 4965 751 5015; x_wconf 80' lang='lat' dir='ltr'><strong>maximas</strong></span> <span class='ocrx_word' id='word_1_297' title='bbox 773 4969 799 5014; x_wconf 85' lang='lat' dir='ltr'><strong>et</strong></span> <span class='ocrx_word' id='word_1_298' title='bbox 822 4981 853 5014; x_wconf 84' lang='lat' dir='ltr'><strong>ex</strong></span> <span class='ocrx_word' id='word_1_299' title='bbox 875 4963 955 5013; x_wconf 80' lang='lat' dir='ltr'><strong>animi</strong></span> <span class='ocrx_word' id='word_1_300' title='bbox 978 4967 1109 5013; x_wconf 84' lang='lat' dir='ltr'><strong>sententia</strong></span> <span class='ocrx_word' id='word_1_301' title='bbox 1132 4966 1219 5026; x_wconf 82' lang='lat' dir='ltr'><strong>palam</strong></span> <span class='ocrx_word' id='word_1_302' title='bbox 1242 4966 1285 5013; x_wconf 89' lang='lat' dir='ltr'><strong>bio</strong></span> <span class='ocrx_word' id='word_1_303' title='bbox 1309 4979 1365 5025; x_wconf 78' lang='lat' dir='ltr'><strong>ago.</strong></span> <span class='ocrx_word' id='word_1_304' title='bbox 1384 4991 1414 4999; x_wconf 92' lang='lat'>-</span> <span class='ocrx_word' id='word_1_305' title='bbox 1439 4965 1546 5012; x_wconf 80' lang='lat' dir='ltr'><strong>ceteros</strong></span> 
     </span>
     <span class='ocr_line' id='line_1_38' title="bbox 313 5037 1136 5108; baseline -0.009 -9"><span class='ocrx_word' id='word_1_306' title='bbox 313 5063 412 5108; x_wconf 72' lang='lat' dir='ltr'><strong>rerem,</strong></span> <span class='ocrx_word' id='word_1_307' title='bbox 431 5059 500 5106; x_wconf 86' lang='lat' dir='ltr'><strong>qnos</strong></span> <span class='ocrx_word' id='word_1_308' title='bbox 517 5046 559 5095; x_wconf 91' lang='lat' dir='ltr'><strong>bio</strong></span> <span class='ocrx_word' id='word_1_309' title='bbox 575 5046 631 5094; x_wconf 92' lang='lat' dir='ltr'><strong>illic</strong></span> <span class='ocrx_word' id='word_1_310' title='bbox 648 5047 733 5104; x_wconf 82' lang='lat' dir='ltr'><strong>attuli,</strong></span> <span class='ocrx_word' id='word_1_311' title='bbox 750 5047 787 5093; x_wconf 76' lang='lat' dir='ltr'><strong>ita</strong></span> <span class='ocrx_word' id='word_1_312' title='bbox 804 5037 834 5092; x_wconf 83' lang='lat' dir='ltr'><strong>nt</strong></span> <span class='ocrx_word' id='word_1_313' title='bbox 851 5049 969 5106; x_wconf 81' lang='lat' dir='ltr'><strong>poteram</strong></span> <span class='ocrx_word' id='word_1_314' title='bbox 987 5046 1053 5093; x_wconf 78' lang='lat' dir='ltr'><strong>verti</strong></span> <span class='ocrx_word' id='word_1_315' title='bbox 1069 5047 1136 5106; x_wconf 90' lang='lat' dir='ltr'><strong>ipse.</strong></span> 
     </span>
    </p>
   </div>
   <div class='ocr_carea' id='block_1_5' title="bbox 0 0 2192 6282">
    <p class='ocr_par' dir='ltr' id='par_1_8' title="bbox 0 0 2192 6282">
     <span class='ocr_line' id='line_1_39' title="bbox 0 0 2192 6282; baseline 0 0"><span class='ocrx_word' id='word_1_316' title='bbox 0 0 2192 6282; x_wconf 95' lang='lat' dir='ltr'><strong> </strong></span> 
     </span>
    </p>
   </div>
  </div>
 </body>
</html>
