4375 6284
660 951 722 1010 108
1177 968 1218 1012 os
1242 969 1367 1014 ronnas

653 1140 721 1200 iam
756 1143 808 1201 est
840 1156 992 1217 vespera,
1025 1141 1122 1202 lictor
1152 1142 1232 1202 dum
1263 1142 1420 1204 excubias
1449 1142 1520 1217 agit
1543 1144 1662 1203 nutare
1685 1143 1812 1218 incipit.
1834 1143 1873 1202 lin

656 1269 733 1314 1111
752 1256 927 1317 1111111111
945 1255 1200 1316 sollertissimus
1216 1256 1272 1317 1111
1287 1255 1498 1333 mortalium,
1517 1271 1605 1318 nova
1620 1257 1728 1317 denuo
1743 1271 1875 1331 persona

654 1368 801 1430 indutus.
830 1370 871 1429 ut
899 1384 987 1430 nunc
1016 1372 1106 1431 certe
1137 1370 1223 1444 qnod
1255 1371 1368 1446 sagaci
1396 1373 1509 1432 mente
1539 1370 1676 1447 protulit
1698 1371 1874 1446 Euripides,

654 1481 818 1543 eiusmodi
841 1486 952 1544 estut
975 1483 1061 1543 baud
1085 1483 1180 1546 fac1le
1204 1484 1290 1544 alius
1312 1484 1487 1560 quisquam
1510 1488 1640 1561 praeter
1662 1486 1772 1560 ipsum
1796 1499 1874 1545 com·

654 1598 830 1657 111111111
858 1596 973 1658 fuerit!
1005 1598 1095 1674 Ipse,
1127 1599 1182 1672 qui
1212 1598 1339 1659 multos
1368 1602 1481 1660 tamen
1504 1614 1561 1676 per
1583 1613 1689 1660 annos
1712 1599 1875 1674 cognitum

654 1724 731 1770 eum
755 1710 885 1788 babuit,
909 1710 1109 1772 1111111111
1133 1713 1190 1772 vix
1214 1713 1318 1773 credit
1340 1713 1566 1775 consobrinus.
1591 1713 1762 1775 1111111111
1783 1715 1876 1788 poeta

655 1826 707 1884 111
730 1824 861 1885 anicula
881 1825 949 1885 ista
971 1824 1066 1886 vultu
1088 1825 1372 1888 sceleratissimo?
1397 1826 1440 1887 uc
1461 1828 1599 1900 quinam
1623 1841 1697 1888 eam
1722 1827 1874 1888 comitan-

655 1939 733 1998 tur?
756 1937 917 1999 saltatrix
940 1939 1100 2000 nimirum
1125 1943 1158 2000 et
1180 1954 1261 2015 puer
1282 1941 1419 2002 tibicen!
1446 1939 1608 2017 Quorsum
1633 1941 1724 2001 iata?

699 2052 775 2115 idox
798 2069 853 2114 res
875 2052 1013 2115 docebit.

700 2167 795 2228 Prius
825 2182 901 2228 cum
930 2167 1127 2229 mulieribus
1157 2167 1334 2242 paciscitur
1355 2167 1526 2244 Euripides
1549 2167 1601 2228 his
1624 2167 1875 2241 condicionibus,

656 2284 694 2341 ut
723 2295 893 2356 nunquam
923 2282 1060 2358 posthac
1090 2282 1266 2343 calumniis
1298 2296 1356 2342 eas
1387 2283 1432 2343 sit
1461 2284 1643 2359 petiturus,
1666 2280 1745 2342 illae
1770 2285 1876 2342 autern

654 2394 720 2470 ipsi
753 2409 818 2456 non
848 2396 917 2456 siut
946 2395 1183 2457 adversaturae
1217 2411 1343 2458 novum
1376 2395 1559 2472 periculum
1594 2396 1729 2457 facienti
1760 2393 1876 2471 captivi

653 2508 824 2570 liberandi.
861 2508 948 2600 Quae
982 2513 1160 2586 postquam
1198 2523 1397 2585 convenere,
1434 2509 1556 2572 tibicen
1590 2525 1708 2571 cauere
1742 2509 1877 2570 iubetur.

655 2622 792 2684 Hilarae
821 2623 1011 2684 saltationis
1041 2623 1248 2699 praeludium
1279 2624 1412 2685 auditur
1443 2627 1477 2684 11
1506 2623 1748 2699 expergiscitur
1777 2623 1876 2685 lictor.

657 2735 717 2812 Qui
751 2739 846 2798 torvo
881 2736 976 2797 vultu
1016 2739 1050 2798 et
1083 2737 1224 2798 immani
1261 2750 1343 2798 voce
1377 2736 1477 2797 verba
1510 2738 1568 2796 vix
1602 2736 1743 2812 Graeca,
1779 2737 1876 2797 immo

656 2851 832 2912 verborum
862 2851 1049 2927 fragmenta
1078 2850 1221 2928 iactans,
1246 2851 1406 2927 strepitus
1427 2851 1492 2912 iste
1514 2855 1696 2912 nocturnus
1719 2850 1799 2924 quid
1821 2848 1878 2910 sibi

657 2963 737 3024 velit
760 2969 864 3041 rogat.

703 3112 743 3122 —
770 3080 945 3156 ,Ignosce
979 3079 1092 3155 sodes,
1125 3095 1144 3140 o
1174 3079 1269 3139 lictor
1298 3078 1456 3155 optime’¹,
1487 3079 1535 3140 sic
1566 3094 1646 3141 voce
1672 3077 1773 3140 flebili
1801 3092 1878 3138 anus

656 3192 823 3269 improba:
850 3191 1007 3268 ,filiolam
1036 3207 1148 3254 meam
1172 3193 1206 3253 in
1230 3191 1420 3255 convivium
1448 3191 1573 3253 abduco
1596 3191 1721 3254 saltare
1742 3193 1878 3253 iussam.

659 3306 768 3383 ,Quae
791 3309 984 3384 priusquam
1008 3307 1087 3368 illuc
1106 3306 1217 3384 abeat,
1242 3307 1324 3367 artis
1343 3306 1525 3382 periculum
1545 3307 1648 3368 etiam
1664 3307 1772 3368 111111
1784 3321 1877 3382 quam

659 3422 828 3498 ,maxime
856 3422 963 3497 cupit,
988 3437 1030 3484 11
1053 3437 1170 3498 parum
1194 3436 1275 3482 mox
1304 3419 1433 3496 placeat
1455 3420 1650 3497 imperitior.
1674 3421 1810 3482 Licetne
1831 3419 1878 3480 bic

660 3536 714 3611 ,in
738 3535 794 3596 via
816 3536 991 3611 publica?”

701 3649 763 3710 His
794 3649 904 3711 vorbis
933 3649 1117 3710 humilibus
1147 3648 1268 3710 auditis
1299 3649 1398 3711 bomo
1422 3651 1621 3725 praepotens
1642 3649 1683 3710 ds
1705 3649 1880 3710 severitate

658 3764 781 3839 aliquid
811 3765 954 3825 remittit
975 3778 1082 3838 neque
1106 3764 1281 3825 intercedit
1302 3763 1481 3839 quominus
1503 3763 1612 3839 puella
1634 3761 1815 3840 paullisper
1837 3778 1880 3824 co

657 3893 730 3940 ram
754 3878 826 3954 ipso
848 3876 960 3939 saltet.

703 4025 743 4036 -
772 3992 832 4068 ,ut
863 3993 897 4052 in
932 3991 1082 4067 genubus
1112 3991 1181 4051 tuis
1210 3991 1259 4052 sic
1288 3990 1410 4053 licetne
1442 3992 1627 4068 consideat,
1651 3992 1731 4053 dum
1754 3995 1878 4052 1111111

661 4108 710 4184 ,ei
733 4122 855 4168 exuam
879 4107 1075 4180 solvamque
1098 4107 1249 4168 calceos?
1271 4107 1355 4169 Nam
1379 4106 1516 4182 palliata
1538 4107 1662 4168 saltare
1685 4107 1832 4182 nequit.”

701 4222 774 4282 Hoc
802 4236 932 4296 quoque
961 4237 1020 4297 pro
1048 4222 1207 4283 comitate
1229 4236 1291 4282 sua
1314 4221 1479 4297 permittit
1502 4222 1532 4282 ei
1557 4221 1680 4282 vindex
1702 4219 1880 4295 tranquilli·

657 4335 736 4396 tatis
758 4334 915 4396 urbanae.

702 4449 767 4511 Res
802 4464 866 4523 quo
895 4448 1012 4509 tendat
1042 4451 1145 4524 patet.
1176 4447 1325 4510 Venusta
1355 4448 1567 4536 meretricula
1596 4447 1698 4510 bardo
1725 4449 1880 4511 milities

657 4563 786 4625 oblinit.
819 4596 858 4606 -
893 4562 1072 4624 Saviumue
1105 4563 1206 4623 licet?
1241 4595 1282 4606 —
1313 4563 1354 4622 ut
1387 4562 1531 4623 alterum
1563 4562 1696 4624 savium
1726 4566 1759 4624 et
1789 4561 1880 4637 plura

657 4679 773 4738 savia?
793 4711 834 4720 —
855 4679 931 4740 11111
954 4693 1030 4739 cum
1052 4676 1179 4753 puella,
1204 4677 1327 4737 amoris
1350 4676 1499 4751 linguam
1524 4677 1611 4737 inter
1634 4691 1751 4738 omnes
1770 4681 1882 4752 gentas

659 4806 870 4853 communem
904 4792 1029 4867 optime
1061 4790 1211 4867 callenti,
1244 4790 1486 4866 aliquantisper
1516 4789 1657 4865 secedit3
1684 4791 1741 4865 qui
1763 4793 1799 4852 ut
1823 4790 1880 4867 pri·

659 4920 751 4965 mum
780 4921 838 4980 per
867 4904 1025 4967 tenebras
1055 4904 1224 4980 abierunt,
1259 4907 1409 4981 „mater”
1442 4905 1589 4966 strenuis
1610 4905 1732 4968 ictibus
1755 4905 1882 4967 discidit

659 5022 734 5080 arta
756 5019 907 5097 vincula,
933 5019 1050 5094 quibus
1073 5019 1177 5081 miser
1200 5019 1352 5097 captivus
1375 5021 1448 5081 erat
1470 5019 1666 5100 adstrictus,
1691 5035 1752 5082 nse
1773 5034 1881 5093 mora,
