4375 6284
622 971 661 1030 10
1138 978 1179 1023 nn
1201 978 1326 1024 roman

664 1155 736 1218 Non
766 1170 784 1216 e
815 1169 918 1230 parva
948 1151 1092 1228 quadam
1122 1151 1215 1227 parte
1244 1147 1440 1224 incolarum,
1465 1147 1559 1208 utin
1582 1146 1852 1228 Lacedaemone,

619 1271 651 1331 in
686 1267 799 1331 Attica
832 1265 957 1328 flebant
990 1263 1132 1340 milites,
1167 1261 1226 1323 sod
1260 1275 1302 1322 ex
1333 1260 1406 1336 ipso
1436 1259 1573 1336 populo;
1605 1263 1640 1321 et
1670 1265 1855 1338 postquam

618 1383 776 1458 navigare
809 1380 990 1456 coeperunt
1022 1375 1246 1437 Athenienses
1280 1377 1314 1435 et
1348 1387 1440 1435 remo
1472 1372 1584 1448 potius
1618 1387 1720 1446 quam
1753 1375 1856 1440 hasta

619 1497 727 1556 victus
750 1497 803 1556 est
825 1507 922 1555 arcus
945 1491 1111 1566 Persicus,
1135 1486 1214 1548 belli
1236 1486 1389 1560 domique
1411 1500 1477 1547 non
1500 1485 1568 1547 iam
1591 1501 1694 1561 penes
1714 1488 1854 1550 easdem

619 1611 719 1682 atque
742 1607 822 1668 olim
846 1603 994 1666 civitatis
1017 1604 1129 1678 partes
1152 1600 1217 1660 tuit
1238 1613 1350 1660 rerum
1372 1597 1563 1659 discrimen.

663 1720 893 1795 Agricolamm
906 1718 998 1779 natio
1010 1715 1231 1776 Athenienses
1241 1713 1374 1774 ruerant
1384 1713 1558 1774 hactenus.
1572 1712 1644 1774 Non
1656 1728 1856 1795 novercam,

621 1837 657 1896 ut
680 1834 880 1911 Spartiatae,
904 1831 963 1892 sed
986 1844 1100 1891 veram
1126 1829 1270 1888 matrem
1292 1824 1461 1887 habebant
1482 1840 1579 1886 suam
1598 1829 1741 1906 terram,
1765 1845 1857 1905 quae

620 1948 841 2011 Erechtheum
857 1961 876 2007 e
895 1943 1021 2020 gremio
1040 1941 1143 2004 taraci
1161 1941 1195 2001 in
1208 1940 1316 2001 lucem
1328 1939 1486 2001 emineret
1497 1954 1605 2015 neque
1616 1939 1690 2001 eius
1701 1945 1859 2016 posteros

620 2062 811 2140 agentibus
830 2059 956 2122 exteris
975 2062 1034 2120 aut
1052 2055 1159 2116 subici
1178 2057 1236 2114 aut
1254 2052 1325 2114 solo
1344 2052 1448 2113 natali
1467 2051 1545 2128 pelli
1556 2054 1681 2115 siverat
1694 2069 1857 2130 unquam.

620 2178 740 2239 Veram
771 2177 812 2237 iis
835 2179 979 2236 matrem
1001 2186 1038 2233 se
1061 2168 1287 2247 praestiterat,
1311 2181 1377 2227 non
1400 2166 1579 2228 cumulans
1602 2166 1719 2242 opibus
1740 2185 1857 2249 super.

620 2292 697 2354 iluis
719 2291 778 2352 sed
800 2290 834 2350 id
857 2287 943 2362 quod
966 2287 1049 2347 satis
1072 2283 1163 2344 esset
1184 2278 1355 2357 praebens.
1382 2278 1556 2357 Triticum,
1584 2280 1648 2341 luti
1669 2281 1857 2357 pinguioris

621 2420 721 2480 quam
756 2373 842 2476 quod
876 2401 989 2463 Attica
1022 2398 1124 2459 habet
1153 2398 1318 2471 segetem,
1348 2408 1415 2454 non
1448 2394 1599 2456 terebant
1627 2396 1713 2472 agri,
1746 2414 1856 2475 neque

622 2518 697 2579 uvis
725 2515 896 2592 generosis
925 2511 1088 2574 rubebant
1112 2509 1243 2584 vineae,
1267 2508 1302 2567 at
1324 2509 1457 2582 praesto
1480 2509 1552 2568 erat
1574 2509 1737 2570 hordeum
1762 2512 1860 2575 cibus

622 2629 766 2704 simplex
786 2628 912 2690 viribus
931 2622 1162 2688 sustentandis
1180 2621 1292 2697 aptus,
1312 2623 1384 2681 erat
1402 2619 1517 2681 viuum
1537 2621 1611 2683 leve
1630 2623 1737 2698 adque
1756 2641 1858 2690 curas

622 2744 794 2820 pellendas
824 2743 993 2815 idoneum,
1025 2737 1155 2800 abunde
1186 2736 1256 2797 erat
1287 2731 1409 2795 ficuum
1435 2736 1471 2795 et
1495 2734 1660 2796 olivarum
1684 2744 1855 2813 praestan-

623 2857 848 2933 tissimarum,
880 2853 1000 2928 quibus
1030 2851 1121 2912 aima
1150 2849 1211 2910 dea
1237 2849 1370 2923 gentem
1401 2862 1499 2909 suam
1522 2847 1651 2927 bearat,
1676 2853 1711 2911 et
1734 2853 1770 2913 in
1793 2857 1857 2918 soli

625 2969 849 3047 penetralibus
879 2969 998 3030 uberes
1028 2963 1209 3026 latitabant
1238 2976 1342 3023 venae
1372 2963 1512 3037 argenti.
1540 2962 1589 3024 Ut
1617 2964 1713 3043 olim,
1744 2969 1797 3029 sic
1823 2973 1858 3030 et

623 3101 704 3148 aevo
740 3085 869 3146 Solonis
904 3085 938 3144 et
972 3077 1259 3142 Pisistratidarum
1289 3076 1322 3137 in
1353 3077 1538 3138 aratoribus
1572 3075 1754 3158 αὐτουργοῖς
1785 3087 1860 3144 erat

624 3199 773 3261 civitatis
807 3197 869 3259 ilos
904 3199 937 3257 et
971 3194 1082 3270 robur,
1116 3193 1221 3253 immo
1253 3189 1360 3264 ipsam
1391 3189 1564 3253 civitatem
1595 3192 1630 3252 hi
1660 3191 1859 3256 efficiebant.

624 3313 703 3388 Agri
728 3311 854 3372 colendi
881 3308 1025 3371 officium
1050 3305 1132 3366 viris
1153 3303 1266 3364 liberis
1288 3302 1384 3363 unice
1407 3301 1544 3378 dignum
1567 3306 1648 3366 tune
1672 3306 1858 3385 videbatur,

623 3426 680 3500 qui
711 3425 751 3486 ad
786 3423 926 3484 tutanda
960 3435 1022 3481 sue
1055 3417 1189 3494 praedia
1219 3415 1323 3491 clipeo
1353 3415 1512 3492 hastaque
1542 3419 1705 3494 correptis
1728 3423 1860 3482 strenui
1977 3470 1978 3497 ,

625 3536 879 3611 concurrebant,
919 3533 949 3594 si
988 3532 1074 3607 quod
1113 3531 1155 3592 ab
1194 3529 1347 3591 hostibus
1384 3529 1527 3592 instaret
1559 3531 1757 3606 periculum.
1793 3535 1857 3596 Sed

624 3653 728 3714 maris
758 3650 883 3712 domini
914 3647 993 3709 iacti
1016 3645 1242 3706 Athenienses
1264 3658 1339 3704 cum
1363 3642 1532 3707 frumento
1556 3645 1738 3720 importato
1761 3649 1860 3723 potis-
1977 3668 1978 3673 ¹

624 3768 747 3828 simum
780 3765 828 3826 uti
852 3762 1030 3837 coeperunt
1052 3774 1115 3820 nec
1137 3760 1205 3820 iam
1228 3759 1457 3820 necessarium
1481 3758 1522 3819 ad
1546 3758 1673 3820 victum
1696 3762 1860 3834 quotidia-

624 3895 705 3942 num
737 3879 800 3941 ruit
822 3877 982 3940 hordeum
1010 3874 1177 3950 Atticum,
1200 3887 1276 3934 curn
1300 3871 1411 3934 varios
1433 3871 1577 3946 undique
1599 3873 1691 3934 cibos
1714 3878 1749 3936 et
1772 3891 1863 3937 nova

624 4009 757 4070 semper
787 3991 896 4054 edulia
927 3990 961 4050 in
993 3987 1146 4049 Piraeum
1177 3988 1384 4048 advexerunt
1415 3989 1639 4048 mercatorum
1665 3988 1802 4064 navigia
1824 3991 1863 4050 et

625 4108 731 4170 multo
766 4105 910 4167 maiores
941 4102 1076 4164 divitias
1106 4101 1258 4176 praebuit
1291 4099 1455 4163 artificum
1490 4101 1655 4164 industria
1684 4117 1785 4177 quarn
1816 4120 1863 4166 ex

625 4220 773 4283 metallis
796 4215 1001 4278 Laureoticis
1024 4228 1170 4288 unquam
1193 4214 1440 4289 protraxissent
1462 4214 1622 4291 iussores,
1642 4217 1864 4279 tetrameter

625 4335 740 4397 liberis
775 4330 904 4392 maiora
937 4343 1071 4405 semper
1104 4325 1339 4404 appetentibus
1369 4341 1434 4388 non
1466 4328 1534 4389 iam
1563 4328 1721 4404 praebere
1750 4333 1864 4406 potuit

627 4461 841 4525 quaecunque
864 4443 1075 4520 requirebant
1099 4441 1139 4504 ad
1159 4441 1300 4503 feliciter
1320 4441 1499 4502 vivendum
1520 4457 1627 4518 neque
1643 4444 1716 4505 vita
1734 4446 1865 4508 rustica

627 4564 662 4623 in
693 4561 808 4622 eodem
839 4575 904 4633 quo
938 4560 1038 4620 antea
1068 4555 1131 4618 tuit
1163 4556 1296 4616 honore.
1327 4555 1365 4615 In
1389 4569 1424 4616 re
1447 4554 1579 4630 publica
1600 4560 1732 4618 mutata
1754 4557 1866 4634 pluris

628 4676 753 4738 sensim
784 4689 884 4750 quam
914 4674 1064 4734 aratores
1094 4668 1218 4732 debant
1248 4668 1385 4730 navium
1416 4670 1451 4729 et
1480 4669 1686 4731 officinarum
1716 4670 1862 4750 domini,

629 4791 833 4851 mercatores
856 4789 890 4848 et
912 4787 1132 4862 feneratores,
1156 4787 1190 4846 et
1212 4783 1279 4844 alia
1301 4782 1438 4844 amabat
1460 4785 1552 4844 aetas
1574 4785 1740 4846 recentior
1758 4801 1863 4860 quam

632 4905 804 4964 amaverat
826 4900 974 4977 pristina.

679 5014 938 5077 Atheniensibus
964 5027 1129 5075 novarum
1161 5027 1272 5074 rerum
1303 5010 1463 5073 studiosis
1492 5011 1561 5073 dux
1581 5015 1617 5073 et
1637 5010 1776 5087 signiter
1798 5013 1870 5076 ibit
