4375 6284
643 979 886 1026 Aarsrormurs
908 980 988 1026 vrrs
1010 979 1191 1025 morsm.
1473 964 1536 1023 175

366 1155 453 1217 Vitae
475 1156 577 1231 igitur
599 1155 626 1215 B
649 1154 781 1231 propria
803 1154 885 1215 haee
906 1157 1003 1216 sunt:

445 1272 476 1343 (s
506 1271 538 1340 3)
573 1267 729 1331 cleonem
765 1282 841 1329 oum
876 1271 1068 1329 metuerent
1102 1282 1233 1343 omnes,
1269 1282 1375 1341 neque
1408 1265 1539 1326 vultum

490 1384 563 1444 eius
598 1382 724 1442 imitari
757 1383 816 1443 aut
846 1385 959 1457 partes
990 1381 1063 1443 eius
1088 1382 1123 1443 in
1154 1395 1254 1442 scena
1285 1395 1383 1455 agere
1407 1379 1542 1440 auderet

491 1498 684 1572 quisquam,
717 1495 959 1572 Aristophanes
989 1495 1074 1556 faeie
1105 1495 1247 1555 miniata
1277 1494 1347 1570 ipse
1371 1494 1542 1555 histrionis

492 1608 601 1672 officio
630 1608 766 1669 iunctus
795 1607 905 1669 effecit
935 1611 973 1669 ut
1002 1609 1147 1683 quinque
1176 1608 1315 1670 talentis
1337 1606 1436 1669 (ileon
1448 1606 1541 1708 mul-

491 1724 637 1796 teretur;
656 1722 689 1782 id
709 1721 794 1796 quod
814 1722 962 1782 comicus
980 1722 1014 1783 in
1033 1722 1305 1783 Acharnensibus
1323 1725 1468 1782 testatus
1480 1724 1541 1781 est.

368 1837 445 1913 Quot
479 1837 581 1898 verbe
615 1837 666 1897 tot
700 1834 875 1896 mendacia
909 1836 993 1896 haec
1022 1850 1097 1897 esse
1127 1850 1226 1896 nemo
1255 1849 1319 1895 non
1351 1834 1457 1908 videt;
1489 1834 1543 1894 hio

329 1951 540 2013 demonstrari
562 1950 702 2011 minime
725 1964 817 2025 opus.
842 1949 954 2023 Pergit
975 1949 1116 2009 sciolus:

447 2068 477 2137 (ἓ
501 2068 533 2137 4)
556 2066 681 2141 Nempe
700 2065 843 2127 infestus
862 2063 976 2126 Oleoni
996 2067 1067 2126 erat
1085 2064 1329 2142 Aristophanes
1342 2063 1429 2137 quod
1442 2061 1542 2136 ξενίας

490 2197 527 2241 se
557 2179 790 2241 insimulasset
820 2182 854 2240 et
883 2180 968 2253 quod
1003 2179 1036 2240 in
1067 2178 1259 2253 Babyloniis
1286 2178 1326 2238 de
1353 2176 1542 2253 republica

494 2292 583 2354 male
617 2292 778 2367 dixisset;
814 2291 914 2365 ξενίας
947 2301 1061 2354 autem
1097 2307 1192 2353 reum
1226 2290 1306 2352 iecit
1339 2290 1394 2351 ille
1409 2310 1412 2316 ·
1428 2293 1542 2368 utpote

494 2406 658 2468 Rhodium
684 2406 736 2467 vel
758 2406 969 2481 Aeginetam.

366 2519 453 2583 Haeo
483 2521 565 2582 adeo
595 2522 675 2581 sunt
700 2520 834 2581 turbata
856 2524 895 2580 ut
918 2520 976 2581 vix
998 2521 1157 2595 appareat
1179 2522 1254 2581 uter
1276 2522 1387 2581 utrum
1413 2533 1542 2580 accusa·

328 2634 422 2708 rerii3
453 2636 509 2709 qui
538 2636 576 2695 ut
601 2634 810 2695 librariorum
834 2635 881 2694 sit
904 2648 1004 2709 error,
1028 2634 1069 2694 ab
1092 2635 1164 2710 ipso
1187 2634 1302 2707 utique
1325 2634 1543 2707 grammatico

327 2750 561 2820 permiscentur
588 2763 674 2823 quae
703 2750 782 2809 ante
812 2750 846 2809 et
875 2762 959 2822 quae
990 2750 1065 2824 post
1091 2747 1228 2822 Equites
1250 2746 1397 2808 fabulam
1423 2761 1543 2808 scenae

328 2864 534 2925 commissam
558 2862 757 2924 aediderunt.

365 2974 443 3037 Dein
474 2992 559 3051 quae
589 2978 831 3051 grammaticus
862 2976 1025 3036 vetustior
1049 3009 1090 3021 -
1115 2990 1181 3036 non
1206 2974 1330 3049 optime
1352 2974 1485 3048 quidem
1509 2976 1542 3035 et

327 3089 421 3151 nimis
450 3091 636 3166 succincte,
668 3105 729 3151 neo
759 3092 874 3151 tamen
905 3089 1046 3151 absurde
1072 3120 1111 3131 -
1137 3088 1286 3150 narravit
1315 3090 1344 3159 (5
1367 3089 1484 3165 5-8),
1508 3089 1541 3150 in

327 3202 386 3263 alla
425 3205 540 3265 omnia
579 3204 826 3278 detorquentur.
865 3202 942 3264 Ille:
986 3187 1153 3279 qprimum
1194 3201 1326 3276 quidem
1366 3204 1543 3263 accusatus

326 3316 464 3379 comicus
496 3318 568 3378 iooo
598 3317 680 3378 vicit
710 3316 796 3392 apud
827 3316 953 3377 iudices
983 3315 1179 3391 clementes,
1211 3314 1288 3376 dein
1318 3329 1397 3376 vero
1419 3315 1541 3377 iterum

326 3430 520 3505 tertiumque
543 3446 619 3493 reus
641 3431 751 3493 iaetus
768 3431 827 3492 vix
846 3431 1000 3508 purgavit
1018 3430 1175 3504 orimina;
1196 3433 1231 3490 at
1249 3442 1330 3489 mox
1346 3430 1432 3505 apud
1452 3430 1542 3491 cives

325 3542 471 3605 inclaruit
491 3548 625 3622 propter
648 3545 873 3622 syoophantas
895 3544 1056 3617 quosdam
1078 3543 1241 3619 devictos,
1262 3544 1410 3605 maxime
1428 3547 1542 3605 autem

323 3655 471 3719 laudatus
493 3660 526 3719 et
547 3658 720 3733 splendido
744 3659 891 3736 praemio
914 3660 1053 3718 ornatus
1076 3658 1129 3718 est
1151 3661 1286 3734 propter
1317 3658 1427 3719 Ranae
1453 3657 1541 3720 iabu-

326 3765 420 3831 lam.”
448 3772 623 3834 Recentior
654 3788 734 3834 vero
765 3772 966 3848 biographus
997 3773 1112 3834 omisit
1141 3772 1222 3832 illud
1252 3768 1365 3849 τὸμὲν
1387 3774 1542 3850 πρῶτον”,

326 3880 356 3941 in
377 3900 439 3959 quo
460 3888 539 3947 sunt
561 3886 688 3964 omnia,
713 3890 824 3948 cetera
847 3888 895 3947 ita
917 3888 1080 3948 mutavit:

495 4001 642 4061 eominus
665 4016 740 4062 cum
765 4001 850 4077 apud
869 4000 996 4062 iudices
1013 4001 1149 4061 vicisset
1169 4002 1203 4061 et
1223 4000 1307 4061 civis
1327 4000 1452 4077 optimo
1470 4001 1541 4062 iure

452 4117 542 4175 esset
565 4116 712 4189 agnitus.
738 4113 892 4176 cleonem
916 4115 1093 4176 debellavit
1488 4181 1491 4187 ,

327 4227 371 4284 et:
493 4228 623 4291 civibus
646 4231 762 4303 gratus
778 4229 842 4290 luit
859 4229 900 4290 ob
920 4230 1054 4291 crebras
1072 4245 1156 4304 quas
1176 4230 1247 4291 eius
1265 4229 1398 4291 fabulae
1417 4230 1542 4291 habent

449 4342 564 4403 laudes
586 4342 744 4403 civitatis.

366 4452 445 4516 'ium
479 4457 519 4519 de
553 4459 663 4518 metro
698 4458 943 4534 Aristophaneo
978 4457 1089 4531 aliqua
1124 4458 1251 4519 inserta
1283 4460 1364 4517 sunt
1392 4456 1493 4518 verba
1524 4473 1543 4518 a

327 4570 475 4631 contextu
517 4570 626 4632 aliena
667 4574 701 4633 et
735 4572 775 4632 de
809 4570 1002 4633 Philemone
1035 4571 1278 4645 Menandroque
1311 4572 1543 4648 Aristophanis

327 4680 541 4748 imitatoribus
564 4686 726 4761 quaedam
750 4685 855 4746 nihilo
878 4686 1007 4761 aptiora
1030 4685 1107 4746 huio
1133 4685 1204 4747 loeo
1227 4684 1451 4761 aptioribusve
1473 4701 1542 4746 ver-

328 4794 376 4855 bis
397 4813 562 4876 expressa.

368 4910 513 4987 Sequitur
543 4913 660 4975 notula
688 4913 860 4989 periuepta
890 4914 930 4974 de
960 4913 1201 4990 parepigrapha
1232 4913 1366 4991 „quood”
1397 4913 1431 4974 in
1454 4913 1542 4974 Pluti

327 5020 447 5089 tabulae
475 5028 723 5106 exemplaribus
752 5026 849 5089 lecta.
883 5026 972 5103 Quae
1001 5028 1128 5089 inserta
1151 5026 1261 5089 effecit
1283 5029 1321 5087 ut
1343 5028 1383 5088 ad
1406 5028 1540 5089 Plutum
