4375 6284
737 995 779 1041 nn
802 991 910 1040 ruxru
933 991 1085 1039 rarurro.
1457 975 1521 1038 211

304 1171 353 1246 331
381 1171 566 1232 1133333311
595 1171 706 1232 331313
735 1184 859 1244 suppar
889 1170 940 1229 est
971 1167 1073 1228 codex
1105 1167 1275 1228 Venetus
1306 1166 1524 1229 Marcianus

301 1288 368 1349 474
377 1287 454 1370 (V)
466 1284 622 1347 loliorum
638 1285 711 1360 111,
725 1282 1000 1346 membranaceus
1011 1287 1046 1342 et
1057 1282 1141 1357 ipse,
1155 1280 1213 1341 sed
1220 1278 1347 1341 moduli
1355 1279 1524 1353 aliquanto

301 1398 433 1460 minoris
449 1394 482 1476 ¹),
514 1397 648 1460 3333313
673 1396 738 1458 Xi⁰
769 1396 821 1458 vel
850 1396 985 1458 ineunte
1011 1394 1093 1455 ΧΠο
1116 1392 1328 1470 neglegenter
1350 1395 1384 1454 et
1406 1392 1524 1453 multis

300 1512 389 1588 siglis
418 1510 576 1574 adhibitis
609 1510 756 1588 scriptus
768 1507 792 1580 ²)
827 1508 985 1571 manibus
1018 1511 1169 1588 quatuor,
1203 1521 1344 1581 quarum
1374 1521 1442 1567 una
1462 1506 1527 1566 luit

302 1627 490 1688 3333313313
505 1620 540 1697 ⁸).
566 1624 723 1701 Singulae
745 1624 887 1700 paginae
909 1623 1033 1684 habent
1055 1637 1174 1683 versus
1197 1621 1342 1683 33-39.

340 1740 456 1802 1113133
485 1742 599 1801 autem
630 1739 754 1801 codicis
778 1739 883 1799 maior
906 1740 996 1798 esset
1014 1735 1110 1813 fides,
1135 1737 1267 1812 saepius
1290 1734 1526 1810 quaesiverunt

301 1855 358 1916 viri
386 1855 492 1928 doeti;
524 1854 582 1915 sed
612 1855 685 1914 tum
719 1867 794 1914 oum
825 1851 960 1913 institui
991 1854 1114 1927 coeptet
1137 1853 1190 1912 331
1219 1844 1523 1925 13333333311311,

300 1984 399 2042 neque
429 1968 610 2029 Ravennae
640 1982 716 2028 enm
749 1966 932 2043 pulvisculo
964 1981 1126 2028 exeussus
1156 1967 1228 2027 erat
1249 1980 1355 2040 neque
1377 1962 1526 2026 Venetus

299 2083 378 2143 33113
400 2085 555 2144 33333313
574 2084 646 2142 3331
665 2081 874 2157 3331333133;
895 2095 1012 2156 parum
1033 2083 1146 2141 autem
1167 2080 1297 2141 videtur
1315 2078 1408 2139 utilis
1418 2093 1525 2152 neque

299 2196 378 2258 33113
400 2196 500 2272 digne
522 2209 607 2269 quae
630 2210 733 2272 nuno,
758 2209 836 2256 oum
859 2194 1032 2267 utriusque
1054 2194 1166 2269 imago
1187 2194 1372 2270 phototypa
1393 2194 1525 2268 praesto

300 2312 350 2373 est
377 2309 550 2386 omuibus,
583 2310 785 2385 suscipiatur
814 2309 931 2370 denuo.
962 2309 1047 2368 Nam
1078 2322 1142 2368 333
1163 2307 1269 2384 333113
1292 2307 1443 2382 singulae
1463 2307 1525 2368 133·

299 2424 403 2485 113333
433 2423 791 2496 333133311333133,
823 2437 930 2496 neque
952 2424 1129 2498 propterea
1151 2421 1237 2497 quod
1256 2422 1291 2483 in
1313 2420 1417 2484 11331
1439 2422 1474 2482 in
1496 2419 1526 2481 V

301 2538 349 2598 vel
371 2537 450 2598 alibi
472 2536 625 2613 legantur
648 2539 707 2598 aut
728 2536 935 2612 recipiendae
957 2536 1252 2614 anteponendas,
1275 2536 1334 2597 sed
1352 2536 1526 2612 propterea

301 2652 381 2725 quod
403 2666 503 2713 33333
527 2652 585 2712 aut
606 2649 711 2712 131333
730 2651 917 2712 videantur.
939 2647 1525 2726 11331131133333313311131333311,

299 2780 339 2826 33
361 2765 393 2826 id
417 2764 552 2838 quidem
576 2764 655 2826 seiri
677 2767 803 2842 331331,
827 2764 905 2838 quid
929 2763 1101 2839 scripserit
1119 2767 1236 2841 poeta;
1255 2763 1313 2825 sed
1332 2780 1396 2825 non
1409 2763 1527 2824 multis

298 2878 376 2940 locis
403 2880 457 2940 331
480 2879 566 2954 quod
589 2877 743 2940 dubitent
765 2879 822 2953 qui
845 2877 978 2953 linguae
1001 2877 1145 2939 11333333
1168 2880 1202 2939 31
1224 2877 1360 2939 dictioni
1382 2878 1528 2940 uomicae

301 2993 549 3068 cognoscendae
573 2993 688 3055 sedulo
712 2992 864 3054 dederint
886 3007 1031 3068 operam.

339 3105 536 3168 Communis
577 3110 689 3168 autem
726 3107 900 3168 amborum
935 3110 988 3168 331
1021 3106 1139 3183 stirpe:
1174 3122 1240 3168 non
1273 3107 1396 3168 1331333
1429 3108 1522 3184 3331,
1580 3091 1586 3102 '

298 3234 400 3294 neque
431 3221 574 3284 13313333
604 3220 786 3298 patrueles,
816 3221 873 3283 sed
906 3220 1032 3282 abavus
1063 3223 1153 3282 certe
1176 3222 1229 3281 vei
1252 3223 1373 3283 313333
1395 3221 1526 3296 utrique

300 3337 359 3398 luit
389 3337 490 3399 idem.
523 3338 635 3411 Neque
666 3352 685 3398 3
716 3335 828 3398 3313113
858 3336 1524 3398 331313333131133133313133133133.

299 3645 501 3708 impugnandam
525 3645 673 3705 opinionem
696 3644 841 3704 33133133,
864 3658 916 3705 333
933 3644 1020 3706 331333
1037 3647 1130 3707 ecloga
1148 3651 1250 3708 septem
1269 3647 1523 3710 131313333331333

299 3727 409 3775 ereditur
432 3725 460 3774 13
484 3724 574 3773 oodios
597 3725 618 3772 1
641 3736 780 3784 superesse
802 3725 919 3784 integra:
943 3725 1043 3782 ,3133311
1065 3726 1178 3786 erledigt
1199 3724 1257 3774 eleb
1280 3727 1324 3775 die
1344 3729 1448 3777 aneieirt
1462 3728 1524 3777 dass

301 3802 355 3858 ‚die
372 3804 490 3854 33333131
508 3816 558 3851 333
577 3804 590 3851 7
609 3804 719 3850 steininen
735 3805 770 3851 im
786 3805 904 3853 Venetus
922 3805 1040 3854 erhalten
1057 3807 1138 3862 nim
1156 3808 1195 3855 313
1211 3807 1328 3855 iataueh
1344 3821 1376 3855 an
1394 3808 1524 3856 31311333-

302 3883 395 3943 „lebat
420 3885 491 3932 deun
517 3883 590 3931 diese
615 3884 774 3943 gelehrteete
800 3883 967 3932 handeohriit
988 3887 1178 3946 reprdsentiert
1197 3887 1273 3934 keiue
1295 3887 1461 3948 rerlrdrzung
1477 3887 1525 3936 der

301 3963 450 4017 „auenahl''.
477 3962 606 4024 Equidem
634 3964 750 4011 nondum
775 3963 856 4012 331313
881 3963 955 4013 illam
980 3963 1140 4026 opinionem,
1162 3966 1209 4014 aed
1231 3967 1319 4027 331133
1335 3965 1473 4015 statuerim
1491 3981 1523 4015 33

301 4041 444 4099 8333333111
470 4056 550 4103 33333
577 4043 666 4102 313333
693 4068 724 4078 -
750 4045 862 4092 13313333
888 4048 997 4092 ennoias
1020 4070 1053 4080 -
1076 4045 1181 4093 1313133
1202 4046 1338 4107 complexo
1360 4047 1388 4094 in
1405 4047 1521 4095 oodieem

301 4120 422 4171 Venatum
447 4135 478 4169 33
501 4123 557 4168 3313
581 4135 640 4169 3333
663 4125 772 4181 3333313
793 4135 860 4182 3333
882 4125 1045 4183 pertinerent
1066 4125 1100 4172 ad
1122 4127 1223 4185 septem
1242 4125 1346 4172 tabulae
1361 4125 1389 4172 13
1406 4125 1523 4185 eelogam

301 4199 357 4249 oiim
381 4203 546 4250 oouiuuotae.
571 4198 614 4248 sie
640 4214 691 4248 333
717 4204 758 4249 331
783 4201 852 4261 qnod
879 4203 1004 4251 miremur
1025 4203 1095 4252 buno
1118 4202 1236 4251 eodieem
1259 4209 1286 4252 31
1306 4217 1406 4265 paucas
1422 4209 1523 4253 tantum

301 4279 390 4328 babere
407 4277 511 4328 tabulae
527 4280 554 4326 13
571 4292 649 4327 nsum
665 4281 779 4329 tironum
799 4281 921 4340 eeleetae,
938 4287 965 4330 31
981 4286 1069 4330 tamen
1083 4283 1217 4331 abundare
1232 4282 1459 4332 observationibus
1471 4298 1522 4332 non

301 4359 326 4404 in
348 4373 420 4408 usum
446 4359 637 4419 discipulorum
663 4359 709 4407 sed
734 4360 868 4409 hominnm
896 4361 1056 4410 eruditorum
1081 4362 1186 4423 33313113
1212 4367 1239 4412 31
1261 4376 1292 4410 33
1315 4376 1394 4424 33333
1416 4365 1523 4413 maioris

301 4437 408 4486 ambitus
424 4439 562 4486 desumtis.

333 4512 437 4570 ι111333
456 4523 498 4566 331
515 4513 699 4582 1711)(11111Ε
719 4516 826 4567 3331133.

335 4593 353 4655 ²)
372 4599 506 4657 Nusquam
529 4600 618 4645 tamen
641 4597 690 4644 hou
714 4598 854 4656 agentibus
876 4598 948 4646 13313
972 4597 1038 4646 adeo
1060 4602 1102 4646 eet
1118 4598 1244 4659 (1111131113,
1261 4605 1291 4649 31
1307 4601 1423 4651 dubitari
1439 4607 1536 4664 333311

302 4677 360 4732 qnid
380 4678 406 4724 in
430 4691 461 4725 eo
482 4680 518 4725 ait
539 4675 678 4737 seriptum.
696 4677 803 4737 Integer
822 4679 890 4726 enim
907 4692 1015 4738 prorsus
1033 4679 1066 4726 ad
1083 4693 1132 4726 uos
1147 4679 1276 4740 33333311,
1295 4681 1409 4743 aprima
1427 4687 1523 4745 pagina

300 4765 379 4814 neque
392 4757 425 4804 ad
439 4755 560 4804 nltimam
576 4757 658 4803 nihilo
673 4757 775 4816 turpior
785 4770 854 4804 nuno
864 4759 904 4805 331
914 4758 1049 4805 obeonrior
1058 4771 1137 4818 quam
1147 4763 1202 4805 tnm
1213 4758 1264 4806 1311
1273 4775 1332 4809 cunr
1342 4767 1522 4813 33333133331

332 4829 455 4893 'lImago
481 4837 627 4896 phototypa
653 4838 679 4882 in
702 4837 791 4883 lucem
816 4839 972 4884 3313311333
995 4850 1062 4884 anno
1088 4839 1166 4885 1902:
1190 4837 1320 4887 Faeaa'ma'le
1341 4841 1374 4905 os
1393 4841 1523 4891 11333133

306 4909 403 4961 Venetae
426 4913 570 4962 Marcianus
594 4914 653 4972 474,
679 4913 739 4962 reith
764 4931 781 4962 a
803 4915 904 4979 presace
925 4915 954 4978 ly
978 4915 1004 4964 J.
1033 4915 1067 4963 W.
1090 4915 1171 4964 Wtite
1188 4916 1239 4964 aad
1258 4933 1291 4964 aa
1309 4918 1474 4969 intrudat-tion
1492 4921 1521 4985 by

305 4988 347 5038 st
366 4991 398 5042 W.
415 4993 498 5050 Allan,
517 4991 616 5041 Loadmr
633 4993 685 5041 aad
699 4993 801 5042 Borion.

334 5067 353 5131 ⁴)
371 5073 452 5122 (11.1.
470 5087 494 5122 3.
512 5072 645 5134 Bamberg
662 5073 694 5120 de
712 5074 863 5122 1133333313
881 5075 1022 5124 31133313
1041 5076 1116 5124 leet.
