4375 6284
228 1000 233 1036 l

760 942 802 986 ou
824 942 932 987 runnu
954 931 1106 987 rasorio.
1478 929 1544 990 829

334 1115 475 1176 Abundat
506 1129 574 1176 una
604 1112 735 1188 syllaba
766 1110 966 1190 cubituum,
990 1117 1071 1176 eunt
1094 1115 1182 1177 enim
1208 1118 1339 1178 numeri
1360 1116 1483 1178 cretici.
1507 1115 1545 1175 In

333 1229 498 1306 ucbetypo
522 1229 655 1290 videtur
676 1227 797 1289 tuisse:
1006 1279 1051 1316 m,
1068 1271 1172 1333 mm

629 1339 705 1420 ἤπερ
728 1339 806 1419 μόνη
829 1345 993 1420 προστατεῖ
1009 1348 1076 1419 της
1099 1341 1259 1415 πυκνός.

367 1456 508 1518 liranus
548 1455 604 1516 hic
645 1454 784 1516 morbus
826 1454 938 1515 affecit
975 1453 1110 1516 'l'besm
1149 1456 1245 1533 1031,
1280 1455 1336 1517 ubi
1369 1458 1546 1533 personata

330 1570 531 1632 Andromeda
554 1568 657 1630 verba
680 1583 780 1630 sensu
804 1570 968 1630 destituta
986 1568 1124 1645 clamat,
1145 1570 1176 1630 si
1195 1568 1277 1631 tides
1295 1571 1392 1631 unico
1411 1569 1490 1630 testi
1502 1569 1546 1629 R:

764 1680 836 1766 ὁρᾷς
859 1681 896 1743 οὗ
921 1687 1095 1761 χοροῖσιν

675 1793 743 1859 odd’
769 1796 935 1876 ὖφηλίκων
959 1795 1119 1858 νεανίδων.

674 1920 812 1991 ψῆφον
835 1909 962 1989 κημὸν
985 1905 1108 1990 ἕστηκ’
1134 1909 1239 1990 ἔχου-

676 2021 704 2085 σ’
730 2019 791 2085 ἀλλ’
818 2023 876 2086 arf.

327 2140 427 2203 Aliter
458 2141 651 2203 dividantur
673 2140 707 2200 hi
732 2140 902 2217 versiculi,
928 2139 1094 2200 scribatur
1116 2135 1231 2218 χοροῖο
1257 2142 1355 2202 metri
1379 2155 1493 2216 causa,
1516 2141 1550 2200 et

327 2251 479 2332 ἐφηλίκων
511 2257 690 2316 contextus
720 2269 837 2316 causa:
869 2253 992 2328 aliquid
1022 2255 1072 2315 sic
1097 2254 1318 2328 lucrabimur;
1342 2255 1400 2316 sed
1423 2256 1551 2315 restant

327 2366 487 2447 ἀδιανόητα
506 2368 625 2430 verba:
648 2376 758 2445 φηφον
781 2365 880 2445 κημὸν
897 2361 992 2445 ἕστηκ’
1014 2365 1134 2447 ἔχουσα.
1155 2369 1250 2430 Viam
1271 2371 1343 2429 veri
1359 2367 1550 2429 inveniendi

326 2483 478 2544 induerit
497 2483 685 2558 Hermann,
705 2481 838 2557 scripsit
859 2482 949 2542 enim
968 2480 1069 2559 φήφω
1079 2503 1112 2558 ν,
1132 2482 1207 2543 dein
1227 2481 1424 2543 vocabulum
1438 2496 1547 2542 emen·

326 2597 437 2658 datum
468 2595 605 2677 abiecit,
637 2597 753 2673 utpote
779 2596 1117 2672 interpretamentum
1142 2597 1236 2657 vocis
1262 2595 1371 2672 κηρόν.
1402 2596 1463 2672 Ita,
1492 2596 1550 2655 sed

327 2709 472 2772 vocabuli
490 2709 615 2785 vitiati,
637 2724 701 2770 non
722 2710 845 2784 integri
864 2711 936 2770 erat
955 2710 1299 2785 interpretamentum.
1319 2709 1404 2770 Nam
1426 2707 1550 2785 ,κημὸν

325 2821 420 2901 ἔχειν’
451 2836 493 2884 ne
524 2823 741 2885 helinstarum
773 2822 907 2896 quidem
938 2826 1003 2898 est,
1036 2823 1091 2897 qui
1121 2837 1240 2883 urnam
1271 2822 1460 2883 iudicialem
1483 2838 1549 2883 uon

322 2941 433 3015 teuent,
459 2939 518 3000 sed
542 2936 572 2999 ei
595 2939 722 2999 addicat
746 2951 821 2998 cum
845 2937 1047 2998 sententiam
1072 2937 1201 3010 ierunt;
1224 2934 1303 2998 dcta
1325 2938 1436 2997 autern
1458 2936 1550 3011 virgo

325 3053 484 3114 eiusmodi
507 3053 584 3127 quid
608 3053 648 3114 de
672 3068 708 3113 ee
732 3051 922 3128 praedicare
946 3053 1080 3112 omnino
1105 3067 1170 3112 nou
1193 3051 1310 3127 potuit.
1335 3051 1505 3113 scribatur

721 3173 852 3242 κῶμον
876 3158 970 3242 ἕστηκ’
996 3159 1144 3244 άγουά.

323 3281 393 3343 Noa
416 3282 533 3342 ahmein
555 3281 677 3341 ῑοάὶονο
695 3280 880 3356 puellarum
903 3279 1035 3341 coetitm
1057 3285 1126 3340 tom
1149 3280 1318 3356 inteream,
1341 3281 1395 3341 aed
1416 3280 1482 3341 sollu
1500 3279 1549 3340 hic

322 3400 452 3456 mortem
474 3395 627 3471 opperior.
652 3393 734 3455 (turn
755 3395 787 3452 it
806 3397 840 3455 et
858 3395 889 3452 H
908 3393 1041 3455 litterae
1060 3408 1160 3469 saepe
1178 3397 1412 3470 permutantur
1429 3391 1461 3470 1),
1476 3397 1549 3454 turn

322 3507 404 3588 ἄγειν
427 3512 462 3570 et
485 3507 570 3587 ἔχειν.

366 3624 481 3685 Simile
505 3623 581 3697 quid
605 3622 733 3683 obtinet
755 3622 812 3696 Eq.
838 3623 913 3697 707,
937 3619 994 3683 ubi
1017 3622 1167 3682 codicum
1191 3622 1288 3682 lectio

677 3731 726 3794 ἐστὶ
747 3744 787 3818 τῷ
819 3734 966 3814 φάγοις
997 3730 1126 3813 ἥδιστ’
1153 3731 1208 3807 tue

322 3867 424 3913 sensu
447 3853 547 3912 caret.
572 3849 658 3911 Olim
679 3850 760 3910 fuit:
796 3896 878 3953 W

655 3961 703 4022 ἐπὶ
726 3972 766 4046 τῷ
790 3956 946 4040 μάλισθ’
978 3958 1108 4040 ἤδοττ’
1135 3957 1238 4035 άνςῙ).

367 4079 479 4153 Neque
502 4079 614 4139 minus
637 4079 789 4153 apertum
813 4079 866 4138 est
888 4077 1007 4137 vitium
1033 4077 1152 4138 vitiive
1175 4078 1265 4152 origo
1288 4078 1375 4140 Plut.
1400 4079 1476 4155 885,
1496 4079 1550 4140 ubi

323 4192 362 4253 do
387 4193 484 4254 anulo
508 4192 638 4268 magico
661 4194 775 4253 locans
798 4189 893 4251 cario
917 4191 965 4252 itu
988 4190 1134 4265 loquitur
1156 4191 1189 4252 in
1214 4191 1398 4253 codicibus:

588 4299 648 4365 ἀλλ’
674 4303 731 4366 οὐκ
754 4302 851 4364 ἔνεστι
874 4302 1072 4381 συκοφάντου
1096 4303 1305 4384 δήγματος.

323 4418 411 4480 Olim
433 4419 513 4480 fuit:

589 4525 649 4591 ἀλλ’
675 4529 733 4592 οὖν
755 4527 851 4590 ἔνεστι
874 4529 1072 4606 συκοφάντου
1097 4530 1323 4610 φάρμακον,

322 4647 446 4708 erroris
479 4648 593 4708 autem
628 4659 729 4707 causa
757 4645 823 4707 tuit
856 4643 1018 4720 κακοζηλία
1048 4645 1255 4722 interpretis,
1287 4647 1342 4720 qui
1370 4661 1491 4722 pueros
1513 4657 1552 4709 ut

357 4935 366 4968 ι

355 4937 383 5080 ²}
398 4940 623 5070 gssgtfflggpm
640 5021 669 5066 8·
685 5031 805 5081 persono,
822 5031 874 5066 non
890 5021 978 5068 tamen
995 5017 1107 5067 molesta
1124 5018 1192 5065 toret
1208 5019 1336 5068 mondo:
1356 5020 1451 5082 ἧσσάν).
