4375 6284
764 877 844 923 vire
868 878 908 925 nu
931 881 1100 927 cenninus.
1483 867 1543 928 151

365 1089 404 1100 -
433 1054 546 1130 ,Heus
573 1056 627 1130 tu,
653 1052 851 1115 maneduml
875 1054 947 1116 Non
971 1053 1161 1116 admittitur
1184 1053 1225 1115 ad
1249 1053 1440 1115 convivium
1465 1068 1551 1114 com·

326 1183 443 1245 ,mune
466 1167 523 1242 qui
546 1181 698 1228 sunnon
721 1166 874 1228 detulit.‘'

363 1282 408 1343 At
430 1281 504 1342 ille:

364 1431 404 1440 -
433 1394 697 1471 ,comminiscar
732 1393 873 1468 aliquid;
908 1409 1042 1456 caueam
1079 1395 1298 1456 interseram”
1332 1426 1368 1436 -
1400 1396 1433 1455 et
1466 1394 1548 1455 nihil

322 1511 494 1572 cunctatus
516 1508 597 1571 illuc
619 1510 784 1584 properat.

360 1738 474 1813 lisque
496 1734 689 1796 dubitamus
712 1733 791 1809 quin
813 1733 913 1797 homo
937 1736 1070 1797 astutus
1092 1734 1133 1796 ad
1156 1735 1267 1796 lances
1290 1734 1401 1809 aliqua
1418 1735 1544 1797 ratione

319 1853 361 1913 eit
382 1850 618 1928 perventurus.
643 1847 680 1908 Id
704 1847 818 1909 minus
841 1851 984 1924 certum,
1015 1848 1101 1910 unde
1124 1849 1282 1924 parentur
1304 1848 1416 1909 lances
1443 1849 1542 1911 etiam

318 1966 455 2042 posthac
475 1965 608 2041 praesto
631 1963 701 2025 lore
724 1977 891 2026 nummos.
914 1962 1000 2025 Nam
1022 1977 1130 2025 novae
1153 1961 1236 2038 legis
1259 1976 1342 2037 quae
1365 1963 1455 2023 esset
1477 1963 1544 2040 vis,

318 2080 372 2154 qui
405 2079 561 2154 effectus,
590 2077 676 2138 satis
705 2077 774 2138 iam
805 2076 967 2152 apparuit.
999 2075 1088 2152 Quae
1119 2075 1204 2151 quod
1237 2075 1370 2152 ,omnia
1392 2077 1543 2138 omnium

319 2195 412 2254 esse”
435 2192 544 2270 iubet,
569 2192 602 2254 id
628 2192 762 2269 ,omnia
784 2204 848 2253 sua
869 2191 965 2252 esse”
989 2189 1225 2266 interpretatur
1243 2189 1294 2251 vir
1312 2203 1423 2252 rerum
1443 2189 1545 2266 pubii-

318 2322 431 2369 carum
461 2307 602 2385 peritus.
634 2304 797 2382 „Omnia”
828 2307 942 2365 autem
966 2304 1034 2365 ista
1056 2303 1143 2364 unde
1166 2305 1367 2379 proventura
1389 2304 1457 2364 sint
1479 2319 1544 2366 non

317 2424 425 2498 rogat,
460 2435 527 2482 non
562 2419 652 2482 enim
682 2416 809 2480 civibus
839 2417 898 2479 sad
928 2416 1182 2492 magistratibus
1211 2416 1297 2478 hanc
1327 2431 1440 2478 curam
1472 2431 1546 2479 esse

316 2533 563 2595 demandatam.
592 2533 642 2593 lix
664 2530 783 2608 opibus
805 2531 1041 2594 communibus
1064 2529 1230 2606 quaelibet
1251 2528 1470 2592 libentissime
1494 2534 1546 2592 est

317 2651 527 2724 accepturus,
563 2646 621 2709 sad
651 2647 681 2707 ei
711 2645 790 2721 quid
820 2645 899 2707 illuc
925 2646 964 2707 de
987 2661 1048 2706 suo
1070 2647 1124 2707 ast
1146 2644 1396 2722 conferendum,
1421 2645 1544 2722 renuit,

319 2763 503 2838 cunctatur,
534 2761 637 2822 nimis
659 2760 780 2838 multa,
804 2760 905 2821 nimis
929 2760 993 2821 citu
1015 2759 1106 2835 posci
1130 2760 1262 2820 clamat.
1293 2759 1408 2834 Itaque
1431 2775 1543 2821 veren-

316 2875 393 2936 dum
413 2875 546 2936 videtur
563 2889 605 2936 ne
625 2875 732 2949 prima
754 2887 849 2951 cena,
870 2888 954 2948 quae
976 2876 1092 2936 sumtu
1116 2873 1244 2949 publico
1268 2875 1397 2935 cunctis
1417 2873 1545 2935 civibus

317 2992 367 3050 est
389 2989 521 3065 parata,
546 2990 581 3049 et
603 2987 725 3049 ultima
746 2987 792 3048 sit
815 2987 937 3049 lutura.

359 3101 443 3179 Quid
473 3103 584 3163 autem
609 3102 641 3163 id
664 3101 750 3176 quod
773 3101 814 3163 de
837 3100 960 3163 abolito
983 3098 1197 3164 matrimonio
1220 3101 1339 3163 statuit
1362 3101 1543 3164 dictatrix?

317 3215 408 3277 Nova
431 3215 591 3290 quoniam
615 3215 763 3277 civitatis
785 3216 1012 3277 instituendae
1034 3216 1119 3276 ratio
1143 3230 1182 3276 aa
1205 3215 1342 3293 placuit,
1373 3232 1457 3292 quae
1483 3219 1544 3292 pri·

317 3331 384 3390 vati
419 3329 597 3405 quicquam
627 3329 770 3405 singulis
801 3328 928 3392 civibus
959 3345 1033 3391 esse
1064 3331 1170 3406 vetat,
1201 3345 1243 3392 ne
1266 3345 1388 3394 uxores
1410 3330 1542 3406 quidem

316 3445 465 3520 proprias
493 3444 685 3521 propriosne
715 3444 837 3506 liberos
868 3445 910 3506 iis
941 3444 1075 3507 concedi
1107 3461 1205 3521 posse
1235 3461 1293 3522 per
1322 3460 1359 3508 sa
1382 3444 1543 3521 intellegi·

317 3561 378 3620 tur.
416 3559 567 3636 ,Amicis
602 3558 815 3620 communia‘’
849 3560 888 3620 ut
922 3559 1016 3621 aiunt
1052 3560 1152 3635 ,sunt
1186 3559 1334 3636 omnia”,
1366 3559 1476 3634 itaque
1511 3560 1543 3620 in

316 3671 444 3746 optima
477 3672 615 3733 civitate
649 3672 753 3733 etiam
785 3672 945 3734 mulieres
977 3675 1010 3734 et
1041 3672 1105 3734 viri
1135 3687 1252 3734 omnes
1282 3672 1437 3735 omnibus
1466 3676 1547 3734 sunt

317 3798 525 3860 communes,
557 3800 753 3847 communes
779 3786 821 3846 iis
852 3789 948 3848 erunt
977 3787 1084 3864 liberi,
1117 3787 1287 3849 communi
1317 3790 1431 3849 sumtu
1459 3800 1542 3848 com·

317 3899 473 3973 munique
496 3913 576 3960 cura
598 3900 832 3962 educabuntur.
857 3901 1010 3962 Fratrum
1034 3903 1068 3962 et
1090 3916 1244 3963 sororum
1264 3899 1352 3962 iideli
1372 3901 1546 3962 concordia

317 4012 503 4074 iunctorum
526 4027 596 4074 una
617 4013 700 4075 haec
722 4013 787 4075 erit
807 4013 937 4075 familia
958 4015 1143 4090 ingens...

358 4126 422 4187 Sed
451 4126 552 4203 probe
575 4128 683 4189 sensit
704 4127 879 4205 dictatrix,
903 4143 967 4204 quo
991 4131 1044 4190 est
1065 4129 1192 4190 mentis
1215 4131 1382 4205 acumine,
1411 4144 1543 4192 morum

316 4242 463 4316 regimen
494 4241 634 4303 minime
664 4257 739 4303 esse
770 4241 1027 4320 neglegendum,
1059 4257 1208 4305 amorem
1241 4259 1369 4319 quoque
1394 4245 1546 4307 sollerter

317 4369 389 4416 csse
420 4353 677 4416 custodiendum
709 4358 744 4417 et
775 4357 1029 4434 moderandum,
1054 4357 1204 4434 publicae
1227 4373 1324 4420 curae
1349 4374 1414 4420 non
1437 4358 1545 4421 solum

317 4482 390 4528 esse
412 4483 627 4543 quaecunque
646 4470 774 4531 civibus
797 4471 839 4531 ad
857 4472 963 4532 vitam
980 4472 1238 4533 sustentandam
1257 4473 1327 4533 sint
1345 4474 1548 4550 necessaria,

317 4581 373 4642 sed
404 4583 508 4643 etiam
541 4582 664 4644 civium
698 4584 903 4646 felicitatem.
934 4585 1095 4646 casui-
1121 4585 1173 4647 vel
1203 4587 1240 4647 ut
1267 4585 1363 4663 olim,
1389 4586 1422 4647 in
1446 4585 1545 4663 prisci

318 4697 389 4755 aevi
412 4696 471 4757 ilia
493 4695 675 4774 imperitia,
700 4697 764 4758 dici
787 4698 930 4774 solebat,
955 4699 1103 4775 ipsorum
1127 4699 1300 4762 hominum
1325 4700 1544 4761 voluntati-

317 4809 397 4870 nihil
430 4810 485 4871 iiic
518 4811 720 4886 praesertim
756 4828 831 4873 esse
861 4813 1135 4888 permittendum.
1170 4815 1285 4888 Itaque
1319 4813 1467 4876 obsoleto
1498 4815 1545 4875 illi

319 4923 533 4986 matrimonio
563 4940 629 4988 non
660 4926 879 4989 substituitur
909 4927 1088 5003 quamlibet
1118 4929 1170 4991 vel
1200 4929 1383 5005 quamlibet
1413 4930 1547 4991 amandi
