4375 6284
664 946 706 1006 76
891 961 894 966 ·
1181 965 1223 1010 ns
1246 965 1371 1011 eorm

662 1132 833 1194 rosissime
869 1134 1125 1211 detrectassent,
1161 1140 1350 1211 oppugnata
1383 1141 1435 1198 est
1468 1138 1547 1200 urbs
1581 1142 1615 1200 et
1648 1143 1723 1214 post
1757 1153 1876 1200 menses

663 1243 788 1318 aliquot
817 1246 906 1308 tame
935 1247 1079 1321 domita;
1112 1249 1175 1309 viri
1204 1251 1327 1326 necati,
1357 1251 1514 1313 mulieres
1536 1256 1570 1314 et
1593 1251 1783 1329 impuberes
1805 1253 1876 1312 veni·

663 1361 772 1434 erunt,
808 1374 888 1435 ager
920 1360 1111 1435 quingentis
1145 1360 1269 1423 colonis
1299 1363 1558 1426 Atheniensibus
1588 1364 1695 1426 datus.
1727 1363 1781 1424 Sic
1809 1364 1877 1422 haec

662 1487 789 1547 quoque
819 1475 938 1534 civitas
968 1476 1076 1549 prisca
1107 1479 1140 1537 et
1169 1475 1290 1538 florens
1314 1479 1348 1538 et
1369 1477 1460 1554 pacis
1482 1477 1762 1554 appetentissima
1785 1476 1878 1538 delete

662 1590 713 1646 est
736 1587 1001 1663 conflagratione,
1025 1603 1111 1662 quas
1134 1590 1196 1650 toti
1218 1589 1375 1652 Graeciae
1399 1593 1577 1667 perniciem
1600 1590 1723 1652 intulit.

706 1701 801 1761 Anno
823 1700 974 1773 sequenti
996 1701 1037 1761 ad
1055 1701 1162 1762 multo
1181 1704 1318 1765 maioris
1337 1705 1497 1766 momenti
1516 1704 1760 1780 expeditionem
1780 1705 1876 1763 ineun-

662 1813 738 1873 dam
763 1814 853 1874 cives
871 1815 1037 1889 permovit
1055 1816 1255 1893 Alcibiades,
1276 1833 1342 1892 qua
1362 1819 1546 1894 Syracusas
1564 1821 1734 1892 totamque
1746 1816 1877 1879 Siciliam

662 1925 697 1985 in
719 1943 817 1987 suam
836 1928 1023 2002 redigerent
1045 1929 1228 2004 dicionem;
1253 1932 1402 1993 Athenae
1421 1933 1579 1994 nimirum
1603 1947 1677 1994 esse
1695 1931 1881 2005 ubicumque

663 2042 753 2100 esset
782 2055 884 2102 mare.
915 2040 977 2101 Sed
1007 2040 1125 2102 classis
1155 2044 1368 2106 ornatissima
1398 2061 1473 2107 cum
1504 2047 1536 2106 in
1565 2061 1603 2107 eo
1626 2045 1717 2106 esset
1739 2046 1779 2105 ut
1800 2059 1879 2104 mare

663 2156 804 2230 peteret,
836 2155 954 2216 ducem
984 2156 1138 2216 iuvenem
1171 2161 1325 2219 assecuta
1353 2162 1404 2219 est
1432 2158 1577 2220 vindicta
1599 2159 1721 2221 divina.
1744 2158 1827 2218 Nam
1847 2157 1880 2215 de

662 2280 796 2328 summo
826 2269 1003 2342 potestatis
1032 2271 1067 2329 et
1094 2271 1303 2330 auctoritatis
1331 2271 1464 2346 fastigio
1494 2271 1641 2334 deiectus
1670 2277 1724 2332 est
1753 2268 1880 2332 artificio

663 2379 873 2441 versutorum
896 2381 1177 2458 adversariorum,
1201 2382 1320 2456 quibus
1343 2383 1482 2444 crimina
1500 2384 1587 2446 ultro
1606 2384 1805 2460 praebuerat
1822 2384 1883 2444 eius

661 2491 847 2566 petulantia
877 2508 953 2555 vere
980 2494 1146 2556 iuvenilis.
1178 2495 1346 2571 sacrilegii
1377 2498 1553 2558 accusatus
1575 2497 1682 2558 solum
1708 2498 1824 2572 vertit,
1847 2527 1880 2538 -

663 2605 782 2679 quippe
805 2605 861 2678 qui
884 2609 918 2667 et
937 2606 1090 2668 inimicos
1109 2622 1187 2669 suos
1204 2609 1304 2685 probs
1324 2609 1458 2670 haberet
1470 2610 1620 2684 cognitos
1632 2613 1665 2670 st
1677 2609 1881 2672 tribunalium

664 2717 915 2779 Atheniensium
948 2719 1106 2795 pericula,
1139 2753 1183 2764 -
1213 2722 1287 2782 dein
1311 2722 1463 2798 Spartam
1487 2723 1606 2797 petivit
1626 2725 1661 2783 et
1683 2722 1882 2783 Athenarum

663 2830 769 2892 hostis
791 2832 910 2893 exinde
932 2833 996 2893 tuit
1016 2833 1168 2895 omnium
1193 2835 1340 2896 maxime
1362 2836 1550 2896 iracundus.

707 2943 777 3019 Quo
799 2944 937 3006 absente
955 2961 1039 3021 quas
1056 2947 1193 3008 tandem
1213 2949 1365 3010 vincendi
1384 2963 1460 3022 spes
1480 2951 1552 3009 erat
1571 2949 1696 3023 ingenti
1716 2948 1883 3018 exercitui,

663 3059 719 3130 qui
750 3062 820 3120 tum
854 3075 930 3120 cum
954 3063 1103 3136 praeerat
1133 3061 1163 3121 is
1186 3063 1241 3135 qui
1265 3061 1506 3138 expeditionem
1530 3066 1682 3124 suaserat
1704 3062 1884 3122 Alcibiades
1947 3123 1948 3150 ἶ

663 3185 859 3245 magnorum
892 3173 1193 3235 emolumentorum
1224 3173 1385 3235 habuerat
1414 3177 1594 3250 promissat
1618 3175 1656 3236 In
1680 3175 1789 3238 altero
1811 3177 1884 3236 duce

661 3285 730 3344 iam
762 3288 858 3346 erant
891 3286 1019 3362 omnia,
1053 3287 1087 3347 in
1118 3287 1211 3348 Nicia
1243 3289 1433 3349 cunctatore
1464 3288 1534 3364 illo,
1567 3289 1624 3364 qui
1658 3291 1793 3350 tantum
1826 3301 1884 3348 non

664 3399 696 3458 vi
727 3402 862 3459 coactus
891 3401 1057 3474 ingratam
1089 3401 1293 3475 provinciam
1326 3401 1360 3460 in
1390 3416 1428 3461 ss
1458 3405 1644 3477 receperat;
1672 3401 1781 3464 multo
1805 3402 1884 3462 enim

663 3510 821 3572 libentius
861 3512 951 3573 domi
992 3514 1174 3574 mansisset
1215 3528 1317 3589 nunc,
1359 3513 1492 3588 perinde
1535 3517 1634 3588 atque
1672 3517 1749 3575 ante
1789 3527 1886 3576 annos
1947 3521 1948 3574 1

663 3627 792 3701 decem,
816 3642 891 3688 cum
917 3625 1072 3688 cleonem
1095 3627 1199 3703 ipsius
1220 3626 1291 3688 loco
1311 3627 1428 3702 Pylum
1450 3627 1576 3688 auxilia
1594 3628 1713 3688 ducere
1731 3628 1886 3694 iusserat;

663 3740 718 3815 qui
748 3739 923 3801 obstiterat
952 3741 1138 3813 iterumque
1168 3738 1342 3800 obstiterat
1372 3756 1415 3800 ne
1444 3738 1537 3800 fleret
1560 3739 1738 3816 expeditio,
1762 3743 1797 3801 et
1820 3753 1885 3798 eam

662 3853 771 3914 solum
795 3853 836 3914 ob
855 3868 991 3914 causam
1013 3854 1043 3913 ei
1061 3854 1219 3929 praeponi
1239 3853 1435 3928 sasiverat,
1455 3854 1542 3928 quod
1560 3853 1741 3913 cavendum
1755 3853 1888 3914 sentiret

662 3982 704 4028 ne
734 3969 856 4028 iterum
882 3965 1027 4027 officium
1049 3966 1263 4028 detrectando
1285 3966 1320 4026 in
1343 3967 1466 4027 civium
1492 3969 1699 4028 contemtum
1723 3967 1888 4027 incideret.

663 4079 726 4141 Hic
748 4094 848 4154 quam
870 4081 973 4140 alacri
995 4081 1108 4141 animo
1131 4081 1166 4140 in
1189 4079 1311 4140 bellum
1335 4081 1381 4140 sit
1403 4081 1571 4154 proiectus
1590 4080 1698 4152 quivis
1717 4078 1888 4153 intellegit,

663 4207 724 4255 nec
752 4195 874 4254 mirum
903 4208 979 4254 sum
1003 4193 1162 4254 audacias
1184 4192 1364 4254 subitarias
1387 4192 1526 4253 nihilis
1550 4192 1687 4253 consilia
1709 4207 1772 4254 sua
1795 4189 1889 4253 admi·
1947 4255 1948 4264 ,

663 4308 760 4383 sisse,
790 4308 849 4368 sed
880 4307 911 4367 id
942 4307 1155 4382 potissimum
1186 4306 1293 4382 egisse
1317 4310 1355 4367 ut
1377 4305 1586 4381 depugnandi
1608 4306 1731 4366 vitaret
1754 4303 1890 4366 necessi·
1947 4291 1948 4294 ¹

662 4421 782 4496 tatem,
825 4418 1029 4496 expectando
1069 4422 1105 4479 et
1145 4415 1345 4495 explorando
1379 4420 1414 4478 et
1446 4417 1655 4479 deliberando
1689 4417 1890 4494 ampliusque

664 4531 872 4593 deliberando
895 4534 1029 4607 tempus
1052 4533 1231 4607 terentem,
1256 4535 1291 4591 et
1314 4529 1473 4605 quidlibet
1495 4531 1585 4605 prius
1603 4535 1774 4593 curantem
1795 4543 1890 4605 quam

664 4645 697 4706 id
720 4660 823 4705 unum
850 4645 936 4719 quod
958 4645 1086 4705 strenui
1110 4647 1162 4706 est
1185 4645 1292 4721 ducis,
1317 4646 1354 4704 ut
1376 4659 1411 4705 re
1433 4643 1565 4706 fortiter
1586 4647 1684 4719 gesta
1706 4642 1833 4706 bellum
1856 4639 1892 4702 ai
1947 4631 1948 4656 ³

665 4758 805 4820 celerem
829 4759 956 4819 exitum
981 4757 1172 4834 deduceret,
1195 4791 1233 4802 -
1257 4759 1361 4819 donec
1379 4759 1545 4820 exercitus
1563 4757 1689 4818 homini
1700 4757 1894 4818 meticuloso

665 4876 699 4933 et
721 4873 774 4931 sui
796 4871 956 4934 diffidenti
980 4872 1188 4933 mucreditus
1210 4871 1280 4933 iate
1303 4871 1499 4932 tristissimo
1522 4871 1628 4947 periit.

710 4986 825 5060 Itaque
849 4989 976 5046 aestate
999 4987 1076 5044 anni
1097 4987 1162 5046 415
1185 4984 1358 5060 splendida
1378 4984 1435 5045 illa
1454 4984 1585 5060 classis,
1605 4998 1672 5058 qua
1688 4985 1892 5046 Athenarum
