4375 6284
227 1043 231 1101 l

226 1122 230 1160 t

227 1172 230 1268 l

772 978 813 1022 on
836 978 945 1024 συχνο
968 977 1120 1024 rabor-ro.
1489 963 1554 1023 338

341 1149 395 1210 Ubi
424 1149 532 1226 lectio,
556 1165 656 1224 quam
681 1150 804 1211 codicis
826 1151 915 1212 unici
938 1151 966 1212 R
989 1151 1124 1228 praebet
1145 1153 1271 1227 textus,
1297 1151 1457 1213 refellitur
1479 1155 1559 1213 nota

228 1296 230 1311 ι
340 1265 525 1339 marginem
557 1280 636 1326 nam
660 1265 717 1340 qui
740 1266 813 1328 vocl
835 1264 1032 1350 κουροτρόφῳ
1056 1266 1251 1342 adscripsit:
1278 1265 1362 1342 ,εἴτε
1384 1275 1419 1350 τρ
1442 1275 1481 1350 φρ
1504 1265 1559 1325 εἴτε

338 1388 367 1461 cp
393 1373 497 1460 ἕοτόῳ”
524 1393 590 1440 non
617 1378 747 1453 legebat
772 1379 857 1454 apud
881 1380 991 1455 ipsum
1016 1381 1181 1441 comicum
1204 1395 1321 1441 vocem
1344 1388 1381 1463 τῳ
1403 1388 1450 1462 γρ.
1467 1380 1558 1468 ‚Ergo

338 1493 504 1568 postmodo
538 1492 617 1554 illuc
650 1493 795 1568 irrepsit.
838 1493 898 1554 Est
932 1497 1044 1555 autem
1079 1509 1144 1554 πονι
1176 1498 1255 1554 recte
1287 1494 1557 1568 interpretantis;

337 1622 405 1666 nam
441 1621 549 1682 neque
583 1607 689 1667 Vesta
721 1621 826 1680 neque
860 1605 962 1667 'l'erra
992 1607 1041 1666 sic
1072 1608 1218 1682 vocatur,
1250 1607 1308 1667 sed
1332 1605 1441 1666 almas
1463 1606 1556 1680 deas,

336 1735 412 1794 quae
455 1720 547 1781 vitae
587 1719 718 1781 cultiori
753 1719 954 1795 praesident,
991 1721 1144 1781 comitari
1177 1720 1331 1780 dicuntur
1364 1721 1555 1794 daemones,

334 1833 447 1909 quibus
478 1835 513 1894 et
541 1834 675 1910 frugum
704 1836 738 1895 et
760 1833 862 1910 prolis
885 1833 1052 1894 humanae
1076 1834 1206 1895 natales
1229 1836 1330 1909 atque
1352 1834 1560 1894 incrementa

334 1952 405 2009 sunt
431 1964 540 2011 curae.

374 2061 442 2138 Quo
471 2063 578 2125 deleto
609 2061 811 2124 emblemate
835 2077 900 2123 non
925 2076 1107 2138 possumus
1130 2062 1208 2136 quin
1234 2065 1268 2122 et
1289 2061 1416 2124 cereris
1443 2062 1559 2123 Filiae·

333 2191 389 2250 que
419 2177 558 2239 nomina
588 2177 661 2238 voci
688 2174 899 2254 Θεσμοφόροιν
926 2175 1106 2237 subiuncta
1134 2191 1193 2251 pro
1219 2177 1343 2251 spuriis
1364 2175 1557 2236 babeamus.

332 2288 368 2350 lit
389 2290 440 2350 sic
463 2290 598 2351 demum
621 2288 732 2351 verbis
755 2292 873 2368 poetae
895 2289 1057 2368 pristinus
1080 2288 1226 2350 redditur
1248 2290 1351 2350 nitor:

509 2401 633 2482 εὔχεσθε
657 2408 721 2464 τοῖν
747 2403 961 2483 Θεσμοφόροιν

509 2514 559 2576 καὶ
581 2528 621 2601 τῳ
647 2517 775 2602 Πλούτῳ
798 2515 849 2577 uni
872 2527 908 2601 τῇ
931 2516 1130 2601 Καλλιγενείᾳ
1153 2515 1205 2578 καὶ
1226 2527 1263 2603 τῇ
1285 2517 1507 2603 Κουροτρόφῳ,

508 2629 557 2690 καὶ
581 2641 621 2716 τῷ
638 2626 752 2716 Ἑρμῇ,
774 2629 826 2691 καὶ
849 2636 912 2703 ταῖς
936 2631 1067 2710 Χάρισιν
1082 2626 1115 2703 ¹).

372 2857 513 2921 Molesta
544 2861 623 2921 sunt
652 2860 735 2919 haec
765 2858 983 2920 emblemata:
1008 2859 1120 2919 verbis
1144 2859 1262 2920 vicinis
1285 2861 1469 2935 perniciosa
1491 2875 1557 2920 non

329 2973 429 3036 luere.
466 2974 541 3036 Alia
574 2990 653 3036 vero
684 2975 883 3050 expulerunt
920 2975 993 3051 ipsa
1031 2973 1135 3034 verba
1175 2977 1301 3050 poetae.
1336 2975 1554 3036 Luculentum

328 3087 517 3164 exemplum
541 3090 700 3165 praebent
722 3089 861 3163 Trygaei
885 3085 1200 3171 ποροτροῳῳόοοντος
1223 3087 1324 3148 verba
1346 3089 1420 3149 Pac.
1445 3090 1528 3150 530:

550 3196 697 3262 ἆπὲπτυσ’
723 3199 836 3280 ἐχθροῦ
858 3200 959 3276 φατὸς
982 3199 1122 3279 ἔχθιστον
1146 3197 1262 3271 πλέκος.

550 3323 604 3376 τοῦ
628 3311 683 3392 μδν
705 3313 763 3397 μὰρ
786 3312 846 3388 ὄζει
868 3315 1182 3395 κρομμυοξυρεγμίας,

550 3429 659 3508 ταύτης
683 3424 709 3489 δ’
737 3425 906 3506 ὀπώρας,
929 3427 1098 3508 ὑποδοχῆς,
1120 3429 1307 3507 Διονυσίων,

549 3541 661 3620 αὐλῶν,
682 3542 846 3628 τραγῳδῶν
868 3539 925 3602 κτέ.

372 3657 523 3718 Militaris
552 3658 656 3732 igitur
681 3657 784 3738 φυλιός
807 3659 981 3734 ipsumque
1005 3657 1129 3719 bellum
1153 3659 1272 3720 dicitur
1296 3658 1443 3720 redolere
1465 3680 1555 3738 κρομ-

328 3770 547 3851 μυοξυρεγμίας
572 3804 613 3816 -
638 3773 724 3846 quod
748 3773 1095 3853 κρομμυοξυ(ε)ρυγμόας
1114 3773 1245 3834 videtur
1267 3773 1476 3835 scribendum
1503 3808 1555 3851 -‚

327 3901 393 3961 pax
415 3902 495 3948 vero
514 3886 604 3947 laeta
627 3887 781 3948 convivia
800 3888 833 3948 et
852 3886 948 3948 ludos
966 3889 1001 3949 et
1019 3887 1169 3948 choreas.
1190 3888 1251 3949 Sed
1270 3887 1359 3948 male
1376 3888 1557 3949 intellectis

328 4001 442 4072 poetae
465 4000 575 4061 verbis
599 4000 763 4078 interpres
780 4001 914 4074 quidam
938 4001 1101 4079 „cedron”
1120 4017 1185 4062 non
1205 4003 1312 4077 ipsam
1331 4000 1446 4062 Pacem
1458 4002 1554 4063 deam

328 4111 391 4173 dici
418 4115 511 4175 ratus
535 4117 600 4192 est,
624 4115 682 4176 sed
706 4115 777 4176 eius
799 4115 976 4190 famulam,
999 4130 1099 4189 quam
1124 4116 1297 4191 Trygaeus
1320 4130 1456 4176 uxorem
1481 4116 1554 4177 duc·

327 4228 422 4287 turus
444 4231 510 4304 est,
531 4222 688 4307 Ὀπόρονε
713 4228 812 4289 buius
835 4229 936 4303 igitur
958 4242 1081 4289 nomen
1105 4230 1340 4306 superscripsit
1358 4218 1554 4304 pronomini.

327 4339 366 4400 In
398 4344 594 4404 contextum
625 4343 704 4404 illud
726 4357 846 4403 nomen
872 4346 1042 4418 receptum
1067 4343 1198 4419 expulit
1222 4342 1313 4403 aliud
1337 4340 1552 4416 vocabulum;

327 4453 361 4512 in
385 4457 564 4532 archetypo
587 4456 729 4519 tortasse
754 4459 841 4518 erat:

505 4557 614 4703 τὸδδδδςς
638 4621 670 4685 δὲ
697 4613 962 4704 (perprimo),
985 4622 1153 4703 ὑποδοχῆς,
1178 4624 1351 4684 Διονυσίων
1374 4621 1433 4685 ιιτὲ.

373 4736 409 4798 In
422 4739 573 4814 proxima
585 4739 707 4800 vicinia
718 4753 807 4800 error
819 4739 982 4814 gemellus
994 4741 1046 4800 est
1059 4738 1269 4801 commissus.
1278 4738 1362 4799 Nam
1372 4753 1421 4800 vs.
1430 4739 1495 4799 528
1504 4754 1552 4811 su.

327 4849 377 4911 ita
398 4856 475 4914 sunt
497 4852 631 4915 traditi:
1528 4860 1531 4865 ⁴

362 5041 384 5105 ¹)
400 5046 494 5097 Vocem
511 5054 539 5112 τῇ
556 5055 585 5112 γῇ
602 5046 702 5097 delevit
717 5048 831 5107 Dobree,
848 5049 951 5098 dereris
967 5049 1103 5109 illincque
1119 5048 1225 5098 nomine
1241 5046 1360 5107 Bleydee.
