4375 6284
746 962 825 1006 vrri
848 963 887 1006 nr
911 962 1078 1009 ornamus.
1463 956 1524 1014 105

329 1134 421 1194 indute
451 1149 526 1195 cum
561 1134 762 1211 irrepsisset,
794 1135 920 1209 ingenti
955 1135 1181 1211 indignatione
1215 1139 1408 1214 perfremuit
1438 1142 1526 1201 urbs.

330 1248 500 1309 Atheniensi
533 1250 568 1308 11
601 1247 727 1324 templo
757 1247 859 1310 nihilo
890 1248 999 1310 levius
1028 1249 1139 1311 scelus
1169 1252 1234 1312 iam
1259 1253 1461 1328 perpetravit
1483 1255 1526 1330 is,

328 1362 371 1434 qui
390 1361 425 1421 ad
445 1361 611 1437 Euripidis
633 1376 770 1423 caueam
795 1362 952 1423 orandam
984 1363 1177 1425 1111111111
1200 1365 1397 1440 immiscuit;
1422 1382 1527 1442 nequo

328 1474 420 1536 ederet
450 1476 599 1553 servule,
635 1490 718 1550 quae
754 1476 879 1552 ipsum,
912 1478 950 1537 ut
979 1476 1168 1539 Romanum
1198 1478 1291 1541 illum
1324 1480 1526 1559 adulterum,

326 1604 372 1663 per
391 1591 514 1652 aedium
538 1590 648 1665 alique
671 1588 822 1650 meacula
843 1589 932 1651 iores
950 1591 984 1650 in
1003 1594 1115 1652 tutum
1135 1593 1227 1668 prius
1238 1592 1415 1656 abduceret
1426 1609 1527 1668 quam

324 1702 433 1780 inipso
458 1704 603 1766 incinere
632 1706 746 1780 posset
778 1704 1021 1779 comprehendi.
1045 1705 1154 1766 Immo
1177 1706 1376 1768 manifestus
1398 1709 1530 1768 tenetur

325 1816 408 1878 homo
435 1819 594 1894 11111111,
626 1833 751 1894 poenes
780 1819 865 1894 luet,
898 1822 931 1880 et
962 1821 1181 1895 gravissimas
1205 1822 1354 1896 quidem!
1379 1823 1450 1884 11111
1473 1821 1528 1882 ubi

323 1933 453 2006 peccavit
473 1933 625 2008 captivus
644 1935 835 1994 asservatur
858 1933 1107 2010 emullaribus,
1134 1935 1212 1996 dum
1235 1937 1432 2010 quantoclus
1454 1935 1528 1996 mit

322 2044 390 2106 titur
408 2048 544 2108 nuntius
567 2046 607 2108 ad
631 2048 800 2125 senatum,
824 2048 879 2120 qui
902 2047 942 2108 de
964 2047 1037 2107 eius
1058 2051 1149 2110 sorte
1172 2049 1335 2112 11111111.

358 2161 452 2221 1111
483 2160 568 2236 quod
598 2161 753 2222 obortum
783 2163 873 2221 esset
903 2160 1101 2239 periculum,
1133 2177 1199 2224 non
1225 2162 1416 2226 defuturum
1439 2176 1475 2224 se
1499 2163 1529 2223 11

320 2272 429 2335 iuravit
456 2274 644 2351 Euripides;
674 2288 780 2348 neque
810 2274 880 2350 ipse
911 2275 1040 2336 consilii
1070 2279 1123 2337 est
1153 2277 1264 2354 inops,
1289 2277 1408 2354 quippe
1430 2276 1527 2338 artili·

322 2386 384 2463 ciis,
416 2391 454 2448 ut
486 2387 556 2465 ille,
592 2388 774 2449 abundans.
810 2387 992 2450 Custodum
1026 2389 1130 2464 igitur
1164 2389 1221 2450 unl
1258 2391 1368 2453 subito
1402 2391 1529 2466 impetu

319 2500 402 2576 eripit
429 2518 527 2576 quem
557 2503 645 2564 ulnis
667 2503 801 2563 tenebat
824 2502 1040 2581 infantulum,
1064 2505 1098 2565 in
1123 2507 1252 2566 coetum
1275 2506 1452 2567 mulierum
1476 2505 1529 2566 ed-

319 2613 441 2677 ductum
470 2633 511 2679 11
542 2617 632 2678 domi
662 2617 703 2678 ab
734 2616 867 2678 ancillis
897 2618 1090 2680 socordibus
1116 2620 1345 2695 neglegeretur
1368 2619 1531 2681 videlicet.

319 2726 510 2808 Quemquam
536 2731 688 2807 propius
729 2731 870 2793 intuenti
910 2734 1004 2806 patet
1039 2733 1107 2800 vini
1146 2737 1255 2796 utrem
1294 2735 1327 2796 in
1366 2732 1531 2810 puellulae

317 2839 444 2916 figuram
466 2847 608 2906 venuste
636 2847 789 2907 ornatum
819 2860 895 2906 eum
917 2846 1017 2906 metri
1040 2847 1090 2908 1111
1113 2847 1277 2910 sollicitae
1299 2847 1530 2924 praeripuisse.

355 2955 468 3018 Obside
500 2958 563 3020 hoc
591 2958 828 3033 comprehenso
859 2959 893 3019 iu
916 2973 1009 3019 aram
1035 2959 1183 3036 confugit
1207 2962 1368 3037 captivus.
1400 2959 1490 3036 Quod
1513 2975 1530 3019 1

316 3067 448 3147 Telepho
471 3073 637 3149 Euripidis
659 3072 831 3148 tragoedia
853 3073 954 3134 habet
977 3072 1165 3136 artificium.
1195 3075 1277 3136 Dein
1302 3077 1334 3136 in
1358 3089 1451 3136 sacro
1474 3073 1530 3135 illo

315 3181 378 3244 laco
399 3189 493 3248 tutus
516 3187 650 3248 dorsum
674 3186 872 3248 tabellarum
895 3188 1102 3261 quarundam
1129 3191 1333 3267 votivorum,
1353 3191 1386 3251 in
1406 3189 1530 3265 templo

314 3304 527 3380 repertarum,
559 3302 736 3364 conscribit
767 3302 920 3378 epistulis
950 3303 1099 3380 Euripidi
1130 3305 1219 3379 quali
1251 3306 1285 3366 in
1308 3305 1398 3366 vitae
1421 3303 1530 3364 discri-

314 3414 395 3477 mine
414 3418 563 3478 versetur
580 3416 799 3493 nuntiatoris,
820 3420 854 3477 11
872 3431 970 3490 quem
991 3417 1157 3480 latissime
1177 3421 1287 3494 potest
1301 3419 1410 3481 valida
1429 3433 1531 3480 manu

314 3542 362 3588 ees
384 3530 643 3607 circumspergit.
666 3531 702 3592 Id
726 3531 811 3604 quod
834 3547 852 3591 1
875 3531 1054 3592 Palamede
1077 3533 1176 3594 hebet
1197 3533 1358 3594 dramate.

350 3643 410 3705 Sed
441 3645 555 3705 miseri
585 3644 730 3706 hominis
760 3659 874 3720 preces
904 3645 945 3706 ad
977 3648 1109 3720 poetam
1133 3647 1304 3721 pervenire
1327 3662 1392 3708 non
1417 3648 1531 3708 sinunt

313 3757 458 3832 numina;
490 3773 656 3832 nusquam
685 3760 774 3819 certe
796 3757 852 3818 ille
876 3761 1059 3833 comperet,
1081 3760 1235 3836 princeps
1258 3764 1370 3822 eutem
1395 3763 1532 3822 senatus

312 3883 379 3932 cum
396 3872 582 3948 sagittariis
600 3871 656 3933 ubi
674 3872 780 3934 ederit
801 3875 953 3949 vocatus,
974 3872 1013 3934 de
1031 3874 1184 3950 sacrilegi
1203 3875 1312 3936 salute
1331 3876 1394 3936 erit
1406 3877 1529 3936 ectum.

350 3984 446 4046 Aliud
477 3986 578 4061 igitur
607 3988 756 4046 tentetur
787 3984 978 4062 artificium,
1004 4002 1022 4047 1
1051 3988 1237 4050 novissima
1267 3991 1383 4064 poetae
1413 3989 1530 4076 tragici

311 4095 415 4159 tabula
438 4099 642 4162 desumtum.
675 4099 763 4176 Quae
789 4099 951 4160 Helenam
976 4100 1137 4176 habebat,
1163 4135 1203 4146 -
1227 4118 1293 4165 non
1316 4103 1529 4166 Homericum

310 4207 409 4289 illam,
433 4228 456 4273 1
479 4213 641 4289 praedone
663 4214 837 4290 peregrino
861 4213 894 4274 vi
917 4217 1017 4288 etque
1040 4215 1179 4276 invitem
1205 4217 1375 4293 abreptam
1399 4218 1432 4278 in
1455 4218 1529 4280 'Pro-

311 4323 413 4402 edem,
448 4329 509 4388 sed
538 4342 612 4388 eam
643 4342 726 4400 quea
756 4327 790 4387 in
821 4327 972 4402 Aegypto
1003 4327 1190 4390 delituisset
1218 4331 1359 4406 intacta,
1388 4331 1466 4392 dum
1490 4331 1530 4393 11

311 4435 412 4500 fallaci
441 4440 585 4514 quedem
617 4441 689 4501 eius
712 4440 857 4514 imagine
881 4439 999 4500 Achivi
1022 4443 1056 4501 11
1075 4441 1207 4503 ’1101111
1224 4443 1427 4506 internecivo
1447 4442 1530 4506 bello

312 4554 484 4631 certarent,
515 4555 591 4616 dein
615 4553 805 4615 111111110
837 4554 975 4629 coniuge
1006 4555 1143 4616 domum
1174 4557 1251 4618 inde
1273 4561 1363 4619 11111
1385 4559 1530 4620 reducta.

311 4663 358 4725 Sic
387 4668 479 4728 enim
508 4669 678 4744 Euripides
708 4667 938 4728 Stesichorum
971 4672 1106 4729 secutus
1136 4671 1349 4746 responderet
1372 4672 1411 4732 11
1435 4688 1528 4748 quae·

310 4779 463 4858 ellonem,
497 4799 580 4858 quae
611 4785 686 4857 post
717 4783 901 4844 Homerum
925 4782 957 4843 in
983 4784 1073 4858 poesi
1099 4784 1224 4846 Graeca
1247 4789 1299 4846 est
1321 4786 1448 4862 oborta,
1476 4789 1531 4860 qui

310 4896 467 4963 potuisset
486 4895 555 4958 fieri
574 4900 612 4958 ut
631 4896 760 4957 Helena
779 4899 854 4971 pest
872 4894 949 4956 belli
968 4895 1101 4957 Troiani
1114 4896 1213 4960 duem
1226 4900 1365 4986 Spartae
1377 4903 1531 4976 regnaret

310 5005 408 5071 denuo
432 5011 577 5073 11111111
600 5026 684 5072 uxor·
707 5010 966 5072 honoratissime
988 5013 1022 5071 et
1045 5011 1273 5076 dilectissime.
