4375 6284
741 968 784 1013 DE
807 961 914 1008 ΤΗΝ
937 964 1089 1010 TRADH'O.

525 1137 561 1202 ἵν’
588 1135 654 1202 ἅτθ’
681 1138 697 1201 δ
721 1139 817 1218 κῆρυξ
841 1135 898 1198 οὖν
922 1135 1155 1213 Λακεδαίμονος
1178 1132 1255 1216 λέγει

522 1250 675 1332 πύθησθ’·
699 1252 824 1330 ἀφῖκται
845 1249 903 1331 γὰρ
926 1247 994 1327 περὶ
1018 1249 1162 1309 σπονδῶν
1185 1245 1319 1328 λέγων.

311 1371 356 1432 Sic
382 1370 422 1445 R,
457 1371 548 1431 certo
580 1370 676 1445 vitio,
713 1382 791 1428 nam
827 1365 1040 1442 participium
1073 1359 1170 1442 λέγων
1204 1363 1293 1424 male
1328 1362 1476 1423 abundat
1497 1353 1530 1432 ¹).

213 1539 214 1558 ,
313 1485 404 1559 Opem
428 1483 495 1544 fert
516 1481 555 1560 V,
581 1483 615 1542 in
638 1496 703 1557 quo
726 1481 852 1556 scripta
873 1480 954 1539 sunt
976 1477 1075 1538 haee:

524 1593 560 1659 ἵν’
586 1593 653 1658 ἅτθ’
679 1594 695 1658 δ
717 1598 813 1676 κῆρυξ
834 1593 891 1656 οδτι
909 1593 1128 1671 λαιιεδαῖμονος
1151 1590 1231 1672 λέγει
1252 1571 1315 1650 παῖ

522 1706 660 1790 πύθησθ’
667 1729 674 1742 ’
698 1709 825 1788 ἀφῖκται
848 1707 905 1790 γδιρ
929 1707 996 1788 περὶ
1020 1708 1164 1768 σπονδῶν
1186 1703 1319 1785 λέγων.

309 1826 404 1888 iietro
425 1826 530 1902 igitur
553 1826 659 1886 invite
686 1824 798 1886 versui
822 1823 1031 1901 praecedenti
1055 1821 1214 1882 adhaeret
1234 1818 1359 1890 πάλην).
1379 1819 1532 1879 Errorem

307 1941 444 2001 correxit
467 1939 593 2001 Person
610 1933 651 2012 Ἢ
676 1939 755 2000 olim
779 1937 843 1998 init

524 2047 559 2112 ἵν’
587 2047 654 2112 ἅτθ’
680 2049 697 2112 δ
721 2050 816 2132 τιήροξ
841 2047 898 2110 edu
921 2048 1141 2126 λακεδαῖμονος
1163 2045 1242 2127 λέγει

523 2217 674 2300 πύθησθ’·
698 2219 825 2297 ἀφῖκται
848 2219 905 2302 γὰρ
929 2217 997 2299 περὶ
1020 2153 1163 2280 σπδιδδῶν
1186 2217 1314 2278 πάλιν.

349 2338 563 2400 simillimum
594 2340 709 2398 textus
740 2336 912 2412 Sopheaiei
943 2335 1102 2395 mendum
1134 2335 1226 2394 iuvat
1249 2332 1408 2395 conterre.
1432 2331 1531 2407 Soph.

310 2453 388 2514 Phil.
414 2453 478 2514 176
504 2453 608 2516 codex
630 2453 655 2514 L
679 2451 796 2512 habet:

703 2557 727 2625 d
750 2563 886 2641 παλάμαι
907 2568 1085 2641 θνητῶν,

703 2671 883 2739 ὦδύστανα
905 2674 978 2757 γένη
1001 2679 1119 2756 βροτῶν
1142 2674 1198 2736 ιιτὲ.

349 2795 408 2858 Sed
433 2796 513 2858 olim
536 2795 657 2857 fuisse:

702 2901 726 2969 d
748 2907 885 2986 παλάμαι
905 2911 1029 2984 θεῶν,

1015 3009 1111 3063 ,νοητῶν

702 3069 725 3138 δι
749 3077 885 3137 δύστονα
907 3074 980 3155 γένη
1004 3076 1121 3155 βροτῶν

308 3193 338 3252 et
358 3195 503 3254 metrum
529 3193 624 3254 docet
646 3194 681 3253 et
704 3193 893 3252 contextus.
917 3191 1114 3252 Emendavit
1137 3191 1341 3253 Lachmann.

347 3306 514 3368 Eiusmodi
537 3305 620 3367 vitio
643 3308 677 3367 et
700 3306 734 3365 in
758 3305 786 3363 V
810 3305 901 3366 etin
924 3305 952 3365 R
977 3304 1171 3380 inquinatus
1194 3307 1247 3366 eet
1269 3304 1356 3366 Plut.
1382 3304 1464 3364 397:

477 3421 567 3479 XPE.
590 3417 629 3496 νὴ
652 3417 705 3479 τὸν
729 3417 877 3478 Ποσειδῶ.
903 3421 997 3478 ΒΑΕ.
1022 3418 1074 3479 τδν
1098 3418 1263 3478 θαλάττιον
1285 3415 1394 3498 λέγεις;

478 3535 568 3594 ΧΡΕ.
591 3532 619 3593 εἰ
641 3527 670 3593 δ’
696 3531 776 3593 ἔστιν
801 3529 899 3612 ἕτερός
921 3555 965 3605 τις
989 3532 1162 3611 Ποσειδῶν,
1183 3532 1237 3593 τδν
1259 3529 1359 3610 ἕτερον
1382 3528 1487 3611 λέγω.

344 3649 408 3710 Nee
431 3648 544 3709 minue
567 3648 775 3710 luculentum
799 3648 991 3725 exemplum
1016 3650 1067 3710 est
1088 3650 1151 3711 Ar.
1175 3649 1259 3710 336:

476 3760 551 3839 πρὸς
574 3759 629 3840 μὲν
652 3753 724 3822 οὖν
747 3759 813 3822 τὸν
838 3757 951 3838 ὄρνιν
974 3756 1050 3839 ἡμῖν
1073 3759 1218 3825 razio>
1244 3760 1367 3837 ὕστερος
1390 3759 1485 3840 λόγος.

307 3875 353 3937 Sic
384 3878 419 3938 in
449 3875 478 3936 V
509 3879 543 3938 et
574 3877 606 3938 in
638 3878 666 3939 R
697 3877 766 3938 dux
798 3877 924 3953 avium,
958 3877 1100 3939 absurde
1130 3878 1258 3939 scilieet
1287 3876 1328 3937 de
1358 3891 1419 3937 suo
1450 3891 1526 3951 rege

307 3987 453 4067 loquens;
484 3991 518 4051 in
549 3991 578 4049 V
607 3982 664 4052 οὖν
695 3992 872 4067 postmodo
896 3992 947 4052 est
969 3991 1146 4052 adiectum.
1169 3991 1265 4067 Apud
1288 3991 1423 4051 Suidam
1448 4005 1527 4050 vero

307 4101 365 4163 alio
382 4105 464 4168 vitio
484 4105 675 4179 inquinatus
694 4104 748 4166 hia
767 4119 885 4165 veraua
904 4105 954 4165 aie
974 4103 1126 4165 affertur:
1146 4100 1220 4163 ἀλλὰ
1240 4103 1315 4182 πρὸς
1334 4099 1389 4180 μὲν
1401 4103 1526 4174 τούτους

307 4209 381 4291 ἡμῖν.
403 4218 471 4295 Quo
494 4217 566 4280 loeo
591 4218 710 4280 collato
734 4233 851 4280 verum
874 4218 1024 4279 restituit
1046 4219 1189 4279 Person:

474 4329 570 4392 &tte
592 4330 669 4412 πρὸς
692 4339 835 4393 τοῦτον
859 4327 914 4409 μὲν
937 4326 1011 4409 ἡμῖν
1035 4328 1115 4392 ἐστιν
1138 4331 1262 4411 ὕστερος
1283 4329 1380 4411 λόγος.

306 4507 341 4570 In
362 4513 538 4589 archetypo
562 4513 626 4575 suit
646 4443 778 4574 ττόδοότρδδι
805 4513 1141 4591 interpretamentum
1166 4517 1343 4590 postquam
1365 4517 1524 4587 tanquam

305 4621 395 4686 lectio
428 4627 546 4688 melior
580 4627 615 4687 in
649 4629 845 4690 contextum
879 4629 931 4688 eat
965 4630 1149 4704 receptum,
1182 4627 1311 4703 expulit
1345 4642 1525 4704 pronomen

336 4877 355 4942 ¹)
370 4885 506 4933 Praeterea
530 4897 581 4931 nen
606 4885 661 4932 ῶτθ
690 4887 718 4932 et
737 4885 806 4944 ιῖγιι,
828 4887 859 4932 ut
883 4897 966 4945 supra
991 4885 1099 4946 legitur,
1121 4885 1168 4933 aed
1188 4887 1225 4932 στ’
1250 4889 1277 4933 et
1297 4887 1361 4946 ιῖγηι
1387 4897 1524 4947 perperam

305 4959 404 5022 aeripait
421 4963 450 5011 R.

335 5035 355 5102 1)
370 5041 406 5090 Of.
424 5056 484 5104 pag.
501 5043 560 5091 ati.
