4375 6284
977 1767 1032 1844 11.
1064 1767 1133 1842 De
1162 1771 1305 1862 poeta
1335 1767 1526 1843 iuvene.

1240 2304 1265 2365 Ι.

684 2493 805 2556 Contra
821 2493 926 2553 iatum
948 2491 1041 2552 nulla
1059 2491 1251 2552 mortalium
1270 2493 1529 2567 praevaluerunt
1546 2494 1680 2555 somnia
1697 2499 1757 2556 aut
1775 2497 1862 2556 vota.

639 2609 745 2670 Tanta
777 2622 842 2668 non
872 2607 981 2682 potuit
1006 2621 1080 2667 esse
1105 2606 1250 2666 virorum
1277 2620 1331 2667 res
1353 2606 1502 2682 publicas
1525 2607 1771 2669 moderantium
1794 2623 1861 2682 pru·

639 2722 751 2782 166116
772 2723 832 2782 aut
854 2719 1095 2796 benevolentia,
1121 2734 1187 2779 non
1207 2718 1298 2780 cives
1316 2722 1412 2780 tanto
1432 2721 1564 2782 horrore
1582 2720 1706 2782 bellum
1724 2722 1861 2796 impium

639 2835 788 2910 refugere
817 2835 953 2894 tantove
983 2832 1098 2893 ardore
1129 2833 1216 2893 vitae
1240 2833 1386 2894 rusticae
1409 2835 1555 2907 quietem
1579 2839 1733 2910 appetere
1756 2839 1862 2911 potue·

639 2952 732 3024 runt,
752 2949 831 3023 quin
850 2948 1109 3009 Atheniensibus
1126 2948 1307 3008 adversarii
1326 2962 1408 3008 mox
1425 2949 1627 3010 obsisterent
1644 2950 1765 3026 denuo,
1784 2964 1863 3023 quos

639 3064 765 3124 amicos
781 3062 844 3122 sibi
862 3063 932 3124 iore
947 3065 1176 3138 speraverant,
1195 3062 1341 3122 Lacones
1357 3063 1590 3137 Laconumque
1608 3064 1690 3126 socii
1704 3063 1863 3126 Corinthii

639 3182 673 3237 et
705 3176 860 3237 Thebani.
894 3176 990 3238 Prius
1020 3191 1119 3251 quam
1150 3177 1309 3252 pueritiae
1340 3191 1445 3237 annos
1479 3192 1634 3252 egressus
1667 3180 1721 3238 est
1750 3181 1862 3254 poeta.

637 3291 848 3366 tempestatis
865 3293 1018 3351 Athenas
1038 3291 1216 3351 obruturae
1235 3294 1347 3351 coorta
1369 3293 1450 3350 sunt
1471 3292 1580 3365 prima
1602 3291 1724 3352 indicia
1744 3293 1786 3354 ab
1807 3292 1862 3352 illa

638 3404 793 3465 Graeciae
827 3406 934 3479 parte,
970 3405 1025 3464 ubi
1060 3404 1196 3466 Ulixem
1230 3420 1251 3464 a
1283 3405 1450 3465 Nausicaa
1484 3406 1644 3480 beataque
1677 3406 1861 3468 Phaeacum

637 3521 735 3592 gente
757 3518 901 3593 hospitio
925 3521 1100 3593 exceptum
1124 3533 1198 3580 6666
1221 3533 1264 3579 ex
1284 3518 1428 3580 Homero
1448 3519 1618 3580 didicerat.
1638 3519 1863 3595 Quinquennio

638 3634 712 3705 post
734 3633 822 3692 iacta
845 3635 915 3692 erat
939 3632 1011 3693 alea
1034 3634 1069 3692 et
1091 3632 1238 3693 hostium
1261 3633 1375 3708 copiae
1397 3633 1544 3693 Atticam
1568 3631 1735 3708 petebant.

681 3745 937 3806 atrocissimum
967 3747 1047 3806 tunc
1077 3743 1177 3805 linem
1207 3745 1323 3806 babuit
1354 3746 1590 3821 Aristophanis
1612 3748 1765 3822 pueritia.
1789 3747 1862 3808 Gra·

638 3861 729 3920 viora
752 3860 836 3920 vidit
857 3861 974 3936 postea
996 3860 1097 3933 atque
1121 3874 1296 3934 perpessus
1318 3863 1384 3934 est,
1408 3859 1466 3921 661
1492 3859 1575 3921 nihil
1598 3876 1746 3934 unquam
1771 3861 1861 3922 vehe-

639 3973 784 4034 mentius
806 3974 969 4050 percussit
992 3974 1064 4033 61116
1087 3973 1237 4033 animum
1261 3987 1361 4046 quam
1380 3987 1465 4048 quae
1484 3972 1551 4033 illis
1570 3974 1684 4035 diebus
1702 3974 1861 4051 adspexit

639 4088 737 4148 liaris
760 4088 895 4148 domina
917 4088 1037 4148 civitas
1060 4086 1317 4147 Atheniensium
1340 4087 1374 4147 in
1396 4091 1485 4148 terra
1503 4086 1600 4148 llrma
1619 4091 1735 4149 6611116
1753 4088 1862 4148 hostes

638 4200 822 4262 1661616166
853 4216 919 4262 non
948 4201 1031 4261 66116
1062 4199 1209 4275 valebat,
1240 4200 1352 4274 itaque
1382 4201 1525 4263 Pericles
1556 4202 1706 4276 prudenti
1730 4200 1861 4263 consilio

637 4317 727 4375 cives
756 4317 843 4390 tum,
876 4330 951 4375 cum
983 4313 1107 4375 bellum
1141 4314 1301 4390 instabat,
1333 4317 1501 4376 contraxit
1531 4316 1620 4376 intra
1648 4314 1747 4376 firma
1774 4314 1861 4376 urbis

639 4429 782 4504 moenia,
812 4443 910 4502 agros
942 4431 1054 4487 autem
1089 4426 1241 4487 hostibus
1270 4427 1445 4502 dereliquit
1474 4428 1648 4503 praesidiis
1677 4430 1860 4492 destitutos.

637 4544 696 4619 Qui
730 4543 1017 4619 impudentissime
1050 4542 1120 4603 illic
1153 4542 1263 4603 furere
1293 4543 1360 4603 iam
1392 4547 1584 4620 coeperunt,
1616 4545 1689 4606 odio
1719 4545 1860 4620 maligno

637 4658 797 4718 instincti.
835 4658 885 4717 iix
922 4657 1130 4717 Athenarum
1168 4657 1275 4717 muris
1312 4658 1598 4733 conspiciebantur
1637 4657 1860 4734 Peloponnesii

638 4786 816 4844 eorumque
845 4770 926 4830 66611
956 4769 1129 4845 planitiem
1160 4771 1317 4847 fertilem,
1348 4786 1432 4846 quae
1463 4772 1577 4833 urbem
1608 4775 1640 4833 et
1663 4773 1857 4833 Parnethem

636 4885 822 4956 interiacet,
854 4881 947 4945 16616Ι
979 4885 1167 4959 vastantes,
1199 4887 1233 4945 et
1263 4898 1339 4944 cum
1370 4885 1446 4946 aliis
1478 4885 1595 4947 multis
1627 4885 1859 4962 Aristophanes

637 4998 790 5072 adspexit
820 5013 902 5071 quoe
928 5013 1002 5057 vere
1032 5013 1118 5058 novo
1149 4996 1273 5058 flebant
1295 4998 1377 5075 illic,
1402 5000 1457 5059 ubi
1480 5015 1561 5074 puer
1583 4999 1734 5061 lascivire
1757 5001 1858 5061 iuerat
