4375 6284
521 1781 598 1871 De
627 1778 946 1870 tabularum
973 1772 1377 1888 ArIstophanis

739 1922 906 2013 textu
942 1917 1163 2008 tradito.

829 2183 1070 2194 ——-—

537 2365 570 2442 Ι.
596 2363 664 2441 De
688 2363 982 2443 editionibus
1006 2360 1371 2460 antiquissimis.

380 2815 525 2877 Fabulas
555 2816 775 2892 quadraginta
805 2817 946 2890 quatuor
975 2814 1215 2890 Aristophanes
1245 2811 1418 2888 scripsisse
1448 2810 1566 2872 dicitur

336 2931 370 2992 in
404 2929 484 2990 Vita
502 2923 541 3004 ¹);
570 2930 642 2991 sive
665 2929 776 3006 plures
798 2944 864 2991 non
887 2928 981 3004 iecit,
1004 2929 1076 2989 sive
1099 2929 1230 3003 spretae
1253 2925 1414 3000 quaedam
1439 2924 1566 2985 aliasve

336 3043 376 3104 ob
414 3057 535 3104 causas
568 3043 695 3120 pridem
730 3043 939 3105 interierunt.
969 3042 1111 3103 Additur
1139 3041 1225 3102 illic:
1263 3041 1425 3117 ,quatuor
1454 3037 1563 3098 Poccln

335 3156 546 3232 Naufropum
577 3156 705 3219 Insulas
728 3156 866 3218 Niobam
890 3173 910 3218 a
932 3155 1129 3231 quibusdam
1152 3154 1316 3229 Archippo
1338 3153 1441 3215 fuisse
1464 3152 1563 3213 trihu·

333 3272 425 3334 tas.”
446 3271 535 3346 Quae
554 3270 663 3346 opinio
683 3270 713 3332 1⁰
732 3271 869 3332 demum
889 3270 943 3332 vel
963 3270 1010 3329 11⁰
1028 3272 1104 3345 post
1120 3266 1290 3330 christum
1303 3268 1420 3328 natum
1433 3264 1565 3327 saeculo

331 3389 386 3446 est
421 3387 495 3446 orta
509 3377 547 3461 ²),
581 3398 682 3446 causa
716 3387 828 3447 autem
862 3384 994 3444 videtur
1024 3383 1129 3444 tuisse
1159 3381 1247 3443 male
1277 3381 1364 3442 lecta
1392 3379 1563 3454 inscriptio

330 3497 502 3575 editionis,
535 3497 629 3558 cuius
652 3497 785 3573 singula
806 3497 978 3559 volumina
1000 3498 1141 3571 quatuor
1164 3495 1352 3557 comoedias
1372 3493 1563 3568 complecte-

330 3614 459 3689 rentur,
484 3613 570 3672 APX
586 3627 645 3688 pro
669 3606 772 3673 APIG
787 3603 821 3682 ³).

379 3724 605 3801 Quadraginta
633 3728 773 3799 quatuor
805 3725 992 3786 tabularum
1016 3725 1153 3786 nomina
1175 3739 1293 3786 revera
1316 3722 1478 3785 habemus
1501 3725 1564 3783 tra·

330 3840 416 3900 dita.
438 3839 515 3901 'iria
538 3841 652 3901 tamen
677 3840 716 3900 de
741 3839 804 3902 hac
826 3854 961 3900 summa
980 3839 1093 3914 utique
1113 3841 1194 3899 sunt
1213 3838 1389 3914 demenda,
1409 3837 1563 3911 quonism

330 3951 438 4014 Nubes
468 3951 540 4012 Parc
561 3951 673 4013 Plutus
695 3953 811 4014 altcrru
841 3954 1148 4014 commemorantur
1170 3952 1301 4026 quidem
1325 3951 1378 4012 hic
1400 3951 1481 4027 illic,
1505 3950 1563 4011 sed

331 4065 446 4128 nullae
480 4066 614 4127 fuerunt
633 4058 675 4142 ⁸);
706 4067 819 4141 itaque
849 4067 952 4128 etism
981 4066 1021 4127 de
1047 4065 1254 4128 Aeoloeicorrle
1277 4065 1419 4127 editione
1442 4065 1563 4142 altera,

335 4203 558 4214 -—-——-

368 4271 391 4336 ¹)
408 4276 422 4334 ξ
441 4277 481 4323 1³.
499 4271 539 4323 ct.
557 4287 638 4335 supra
655 4287 715 4336 pag.
735 4276 792 4324 174.

364 4351 389 4418 ¹)
404 4355 468 4404 Post
491 4351 641 4414 Didymon,
666 4355 712 4413 qui
734 4353 885 4404 Insubrum
902 4355 1079 4416 fragmentum
1099 4353 1231 4415 quoddam
1246 4354 1283 4401 ita
1300 4354 1377 4402 adsrt
1391 4356 1423 4402 ut
1439 4357 1566 4415 appareat

329 4447 393 4482 eum
417 4449 450 4482 ne
472 4434 610 4483 dubitasse
633 4434 739 4494 quidem
762 4437 825 4496 quin
841 4432 956 4496 gannim
979 4449 1009 4483 ea
1027 4439 1098 4484 esest
1113 4433 1297 4495 Aristophanis
1315 4434 1405 4483 tabula
1422 4434 1467 4496 (ot.
1484 4434 1566 4482 schol.

325 4516 380 4562 As.
396 4515 465 4574 440),
481 4515 529 4563 ssd
546 4517 607 4563 ante
624 4515 769 4574 Pollucem,
785 4514 832 4577 qui
846 4516 879 4563 ds
893 4514 991 4564 Inscita
1006 4515 1097 4564 tabula
1111 4516 1228 4576 loquitur
1242 4519 1272 4564 ot
1284 4516 1317 4563 ds
1326 4519 1447 4576 suspecta
1457 4515 1564 4576 (lxse).

325 4595 417 4644 num
442 4591 471 4642 in
496 4593 585 4644 Photil
610 4591 689 4642 lexioi
713 4608 745 4644 ea
769 4599 852 4657 parte,
874 4609 953 4656 qnam
978 4608 1063 4655 nuper
1085 4595 1219 4655 evulgavit
1243 4595 1429 4657 Reitzenstein,
1456 4595 1563 4655 saepius

326 4671 516 4735 Aristophanis
543 4673 648 4722 Insulae
675 4676 818 4723 atteruntur
839 4675 908 4723 tuter
930 4675 1088 4725 documenta
1110 4672 1232 4724 diotloma
1253 4676 1371 4735 idoneae,
1386 4677 1459 4725 nulla
1475 4675 1565 4724 addita

326 4755 467 4804 mendose
494 4753 604 4814 originis
621 4755 728 4814 dubiae;
745 4757 835 4816 itaque
852 4753 955 4817 priscos
971 4757 1166 4816 grammaticos,
1182 4756 1252 4804 unde
1269 4756 1367 4817 pendet
1382 4757 1501 4820 Photide,
1517 4771 1565 4819 pro

327 4835 446 4893 genuina
463 4831 591 4883 habuisse
609 4831 683 4882 illam
702 4833 819 4883 tabulam
836 4834 898 4882 bino
915 4847 1021 4895 quoque
1038 4838 1157 4896 apparet
1463 4825 1466 4831 ’

364 4907 390 4970 ⁸)
406 4913 503 4961 Ordine
520 4911 686 4974 alphabetico
700 4913 804 4966 iunctae
820 4917 895 4962 erant
909 4913 1016 4962 tabulas
1032 4916 1144 4974 llwoyla
1158 4919 1234 4974 ηοω
1244 4912 1564 4978 llloaoc.-cl.1nsmcs.

329 4992 400 5040 ress
418 5005 444 5054 p.
463 4994 606 5042 sss-sss.

367 5065 446 5130 ⁴)or.
463 5084 532 5134 quae
549 5073 576 5120 in
593 5069 792 5133 Protegomerda
809 5073 843 5121 ad
860 5069 948 5138 Nabar,
964 5071 1061 5132 Pacem,
1077 5071 1180 5122 Plalaar
1197 5071 1341 5134 disputari.
