4375 6284
681 959 744 1019 166
1019 973 1210 1019 paremur
1233 974 1312 1019 vrrs
1335 974 1374 1018 rr
1398 973 1566 1021 ornamus.

677 1146 753 1207 eilia
776 1147 943 1221 vicerunt3
977 1146 1162 1222 ,sagittarii
1191 1146 1304 1208 aurei”
1334 1161 1472 1222 scopum
1496 1148 1679 1222 tetigerunt
1699 1148 1843 1225 tandem,
1864 1150 1892 1209 el

680 1261 717 1319 ut
739 1262 793 1320 est
815 1260 849 1321 in
872 1259 998 1321 tabula:

884 1374 1054 1449 ,Muribus
1076 1375 1151 1436 erat
1173 1374 1233 1435 lis:
1259 1373 1417 1435 arbitram
1440 1374 1539 1435 ielem
1562 1374 1695 1450 legunt3

880 1488 1026 1564 ,Ambos
1048 1488 1194 1550 vorando
1216 1487 1297 1550 lecit
1319 1488 1402 1550 haec
1424 1489 1666 1551 concordiam”.

721 1602 887 1663 Devorata
919 1602 1052 1677 quidem
1086 1601 1159 1664 sola
1192 1604 1245 1663 est
1275 1616 1333 1663 ora
1362 1603 1477 1678 Asiae,
1506 1603 1566 1664 sed
1595 1604 1659 1679 ipsi
1689 1603 1840 1665 Graeciae
1859 1604 1894 1664 de

676 1715 817 1792 pristina
839 1718 1006 1791 potestate
1028 1715 1225 1790 quantulum
1248 1715 1411 1777 restabat!

722 1829 825 1890 Poeta
846 1831 959 1890 autem
982 1832 1096 1891 noster
1119 1829 1197 1903 quid
1221 1830 1325 1891 etlam
1348 1844 1482 1905 sperare
1504 1831 1625 1907 potuit,
1649 1831 1728 1904 quid
1750 1831 1895 1907 diligere?

721 1943 839 2004 Artem
863 1945 896 2004 et
918 1957 1009 2004 suos.

721 2056 812 2117 Duas
835 2058 938 2118 etiam
958 2056 1089 2118 tabulas
1108 2057 1282 2133 scripsisse
1299 2072 1377 2119 eum
1395 2059 1596 2135 accepimus,
1617 2073 1699 2133 quas
1717 2058 1786 2121 filio
1797 2058 1896 2120 iuveni

678 2172 811 2232 Araroti
842 2171 933 2232 dedit
963 2171 1138 2232 docendas.
1166 2171 1247 2247 Spes
1269 2172 1360 2232 enim
1383 2173 1414 2233 ei
1437 2176 1509 2233 erat
1531 2188 1584 2249 ea,
1608 2188 1692 2247 quae
1715 2172 1832 2235 multis
1852 2176 1896 2233 est

676 2283 838 2361 patribus,
859 2285 930 2345 iore
949 2285 987 2345 ut
1004 2285 1110 2360 ipsius
1129 2299 1211 2360 opus
1230 2285 1478 2347 continuaretur
1497 2301 1517 2347 a
1536 2284 1613 2348 illio.
1634 2286 1697 2347 Sed
1717 2285 1757 2348 ad
1775 2286 1895 2347 irritum

677 2398 793 2459 cadere
827 2398 936 2459 soient
967 2398 1130 2459 eiusmodi
1164 2399 1426 2476 expectationes,
1462 2414 1569 2475 neque
1602 2400 1836 2477 Aristophanis
1865 2414 1898 2460 ea

677 2525 755 2586 spes
776 2512 851 2572 rata
872 2509 936 2572 luit
959 2513 1041 2572 tota.
1065 2511 1192 2587 Nempe
1213 2513 1247 2571 in
1269 2512 1478 2573 hereditariis
1496 2513 1591 2574 bonis
1609 2529 1674 2575 non
1693 2514 1897 2575 suntmenlis

678 2639 819 2686 acumen
847 2628 881 2685 et
902 2624 1026 2700 ingenii
1048 2624 1235 2686 mobilitas:
1260 2656 1301 2670 -
1324 2627 1479 2687 Ararotis
1501 2626 1630 2689 tabulas
1651 2643 1771 2704 parum
1790 2641 1896 2689 venus·

681 2741 736 2800 tas
769 2738 893 2799 duxere
925 2738 1032 2813 cives;
1055 2741 1090 2799 et
1111 2741 1287 2814 postquam
1311 2742 1404 2815 pater
1425 2741 1479 2801 est
1500 2745 1667 2817 mortuus,
1690 2742 1725 2802 in
1748 2742 1896 2804 oblivium

681 2853 807 2914 sensim
839 2852 895 2913 ille
925 2852 1020 2929 abiit,
1051 2854 1090 2913 ut
1119 2852 1291 2929 Sophoclis
1320 2851 1408 2914 illius
1438 2854 1572 2929 Iophon.
1605 2855 1715 2917 semei
1738 2858 1851 2917 tamen
1871 2854 1898 2913 et

679 2967 803 3028 iterum
825 2967 950 3028 Araros
973 2966 1073 3028 eliam
1095 2968 1227 3028 mortuo
1247 2967 1468 3043 Aristophane
1485 2984 1502 3029 e
1522 2969 1759 3030 certaminibus
1770 2968 1898 3030 scenicis

678 3081 826 3156 praemia
848 3080 990 3144 rettulit

722 3194 867 3256 Fabulae
885 3194 1015 3272 ambae,
1036 3210 1121 3269 quas
1138 3193 1208 3257 illio
1226 3194 1360 3272 scripsit
1378 3195 1632 3273 Aristophanes,
1652 3196 1791 3273 propius
1808 3196 1897 3258 etiam

676 3326 777 3387 quam
807 3309 925 3371 Plutus
946 3308 1147 3371 accedebant
1170 3309 1211 3370 ad
1235 3309 1429 3371 recentioris
1453 3310 1526 3371 aevi
1549 3310 1717 3387 dramata,
1745 3342 1786 3354 -
1810 3325 1898 3385 quan·

676 3428 750 3485 tum
769 3423 900 3497 quidem
920 3426 1128 3499 compertum
1147 3424 1328 3498 habemus,
1349 3439 1428 3485 nam
1448 3424 1634 3500 fragmenta
1652 3426 1787 3486 nonnisi
1806 3436 1898 3500 pauca

677 3541 712 3599 et
742 3538 863 3613 exigua
892 3541 1083 3613 supersunt.
1116 3536 1273 3599 Proximo
1304 3540 1380 3614 post
1409 3537 1542 3599 Plutum
1572 3554 1659 3599 anno
1682 3554 1768 3614 quae
1791 3552 1898 3600 scenae

676 3652 858 3713 commissa
897 3653 949 3713 est
982 3649 1121 3712 Cocalus
1159 3651 1272 3713 fabula
1311 3653 1345 3714 et
1379 3653 1486 3728 primo
1521 3653 1668 3728 praemio
1707 3656 1840 3729 ornata,
1871 3652 1899 3711 ln

677 3767 874 3840 argumento
905 3764 1047 3839 quodam
1079 3766 1242 3825 amatorio
1273 3766 1479 3841 versabatur,
1504 3767 1537 3826 et
1559 3764 1681 3828 fabulis
1703 3766 1899 3828 blenandreis

676 3879 764 3939 haud
794 3878 968 3940 dissimilis
997 3878 1100 3939 misse
1128 3879 1268 3940 videtur.
1294 3878 1497 3956 Quapropter
1519 3880 1657 3941 luerunt
1678 3881 1767 3941 inter
1788 3880 1900 3941 Aristo·

676 3993 797 4069 phanis
813 3993 1032 4054 admiratores
1051 3994 1108 4069 qui
1125 4008 1231 4055 novae
1248 3994 1437 4056 comoediae
1449 3998 1630 4055 creatorem
1643 3998 1816 4057 vocarent.
1828 3992 1901 4055 lieri

675 4108 853 4184 potuisset,
889 4107 919 4168 si
952 4109 1154 4183 pepercisset
1189 4108 1219 4168 ei
1252 4110 1422 4183 senectus,
1460 4110 1518 4169 sed
1552 4109 1684 4170 creandi
1715 4106 1900 4188 tempusei

675 4222 902 4299 praeterierat.
926 4221 1047 4282 liunus
1069 4220 1286 4284 honorificum
1310 4223 1374 4284 arti
1396 4222 1590 4300 Euripidsae
1612 4224 1777 4299 aptiorem
1801 4225 1899 4286 locum

675 4336 807 4412 petendi
838 4337 871 4395 ot
901 4336 1039 4411 parandi
1073 4351 1174 4409 quarn
1210 4336 1386 4411 praebebat
1415 4338 1598 4413 tragoedia,
1632 4337 1771 4413 reliquit
1804 4336 1900 4414 poetis

675 4450 867 4512 iunioribus.
898 4449 969 4510 Non
1000 4450 1079 4511 novi
1110 4450 1185 4511 aevi
1212 4450 1407 4526 signiferum
1430 4452 1687 4527 Aristophanem
1711 4464 1902 4514 veneramur
1964 4510 1965 4523 ,

673 4567 773 4638 atque
793 4564 1010 4640 suspicimus,
1031 4564 1089 4625 sed
1109 4578 1306 4639 magnorum
1325 4566 1516 4641 poetarum,
1536 4580 1619 4639 quos
1638 4565 1716 4627 tulit
1727 4566 1901 4627 Athenien·

674 4679 764 4739 sium
787 4678 908 4739 civitas
930 4677 1048 4753 libera,
1074 4679 1109 4737 et
1131 4677 1288 4739 ultimum
1313 4680 1347 4739 el
1369 4677 1511 4740 fortasse
1534 4680 1733 4741 maximum.
