4375 6284
725 963 804 1010 vrrs
827 963 866 1010 rr
890 962 1058 1009 ornamus.
1441 949 1503 1008 113

295 1140 368 1214 regis
400 1138 507 1200 filium
541 1140 716 1200 strenuum
745 1137 916 1212 laudisque
946 1136 1083 1198 bellicae
1113 1136 1264 1214 avidum,
1296 1135 1370 1196 dein
1399 1137 1508 1212 ipsum

295 1268 391 1328 regem
414 1253 477 1314 sibi
500 1252 714 1315 reddiderunt
735 1251 911 1327 propitios;
935 1249 1190 1312 Atheniensium
1214 1252 1325 1312 antem
1352 1249 1451 1325 legati
1475 1250 1508 1310 in

295 1367 414 1429 rincrda
435 1368 515 1428 sunt
538 1365 687 1427 coniecti.

331 1484 447 1544 Actum
480 1480 581 1556 igitur
615 1479 687 1539 erat
721 1478 761 1538 de
792 1477 1049 1539 Atheniensium
1084 1479 1262 1554 potestate,
1297 1477 1375 1540 licet
1407 1477 1510 1539 maris

295 1596 464 1659 dominium
489 1592 727 1668 aliquantisper
750 1591 853 1653 etism
877 1591 919 1652 iis
942 1591 1172 1667 permanserit.
1196 1592 1347 1654 Necnon
1366 1592 1405 1653 de
1424 1591 1508 1653 Alci·

294 1710 375 1772 biade
415 1711 489 1771 erat
522 1711 646 1770 sctum.
690 1706 750 1781 Qui
785 1705 959 1781 promissis
992 1707 1082 1767 stare
1118 1721 1195 1766 cum
1230 1721 1295 1768 non
1330 1707 1509 1784 potuisset,

294 1825 393 1886 minus
423 1823 544 1884 exinde
574 1819 833 1883 Atheniensibus
855 1819 919 1880 fuit
941 1821 1105 1895 acceptus.
1130 1819 1241 1881 Mense
1265 1821 1359 1882 Iunio
1382 1823 1447 1883 408
1471 1838 1507 1883 re

292 1938 369 1999 haud
390 1937 567 1999 infeliciter
583 1938 678 2011 gesta
698 1934 848 1995 Athenas
867 1948 1021 1994 reversus
1040 1934 1186 1995 summis
1205 1934 1337 2008 quidem
1356 1935 1509 1997 laudibus

293 2056 338 2112 est
364 2051 562 2125 celebratus,
594 2051 753 2122 tanquam
777 2046 806 2107 si
828 2047 957 2124 patriae
978 2047 1098 2108 brissei
1119 2048 1314 2124 sospitator;
1338 2052 1373 2110 at
1396 2050 1510 2125 paucis

291 2166 452 2226 mensibus
481 2165 568 2241 post,
601 2177 678 2224 cum
706 2160 824 2222 classis
854 2161 926 2222 sine
952 2162 1025 2223 eius
1047 2160 1144 2237 culpa
1166 2161 1297 2223 adversi
1319 2162 1397 2237 quid
1421 2166 1510 2225 esset

291 2293 449 2355 perpessa,
484 2290 565 2337 aura
598 2273 748 2352 populari
782 2275 913 2335 mutata
946 2273 1142 2349 abrogatum
1174 2274 1205 2336 ei
1235 2277 1287 2337 est
1321 2277 1508 2353 imperium.

292 2389 374 2466 Quod
397 2391 569 2452 decretum
591 2388 742 2462 iniquum
766 2387 912 2461 graviter
933 2387 1043 2448 ierens
1063 2387 1186 2448 iterum
1210 2387 1319 2449 solum
1345 2390 1443 2450 vertit
1468 2424 1507 2434 —

290 2518 349 2565 non
378 2505 555 2566 rediturus.
585 2501 680 2562 Nunc
702 2514 829 2574 quoque
853 2498 968 2577 culpae
990 2514 1056 2562 non
1080 2500 1247 2563 admissae
1269 2502 1332 2563 luit
1353 2517 1508 2580 poenam,

290 2631 350 2678 non
378 2621 493 2679 tamen
521 2617 652 2692 insons,
681 2613 739 2675 sed
770 2613 811 2675 ob
840 2612 940 2675 fldem
970 2613 1051 2675 olim
1081 2613 1208 2676 lassam
1238 2615 1367 2677 civibus
1389 2618 1509 2679 merito

289 2746 415 2810 semper
435 2733 622 2808 suspectus.

329 2846 430 2908 Novis
471 2844 677 2923 praetoribus
717 2842 752 2902 in
786 2841 866 2904 fatis
900 2841 963 2904 iuit
995 2844 1032 2903 ut
1067 2842 1221 2905 ultimam
1256 2845 1509 2907 Atheniensium

290 2961 427 3024 classem
461 2961 495 3021 in
528 2958 702 3020 victoriam
732 2956 903 3032 ducerent,
935 2957 968 3018 ei
998 2957 1089 3019 cives
1111 2959 1255 3033 gratiam
1277 2959 1319 3019 iis
1341 2960 1511 3036 repensuri

289 3078 379 3136 erant
413 3074 531 3151 capitis
564 3071 761 3132 damnando.
795 3071 834 3131 In
868 3069 969 3131 Asiae
1003 3085 1060 3131 ora
1092 3071 1134 3131 ad
1164 3071 1350 3146 Arginusas
1383 3073 1510 3135 insulas

288 3187 402 3249 classis
432 3185 747 3262 Peloponnesiorum
775 3197 886 3259 pugna
914 3184 1019 3245 atroci
1049 3187 1102 3246 est
1125 3185 1248 3262 deleta,
1273 3187 1331 3248 ssd
1355 3189 1432 3263 post
1453 3203 1510 3264 pu·

286 3317 384 3376 gnam
418 3299 562 3377 procella
595 3301 706 3359 coorta
738 3296 908 3373 prohibuit
948 3298 1126 3372 quominus
1160 3299 1304 3360 victores
1338 3302 1512 3362 servarent

286 3429 422 3492 corpora
443 3427 580 3476 auorum
602 3411 688 3472 inter
711 3409 850 3470 navium
873 3410 993 3472 rudera
1011 3412 1045 3471 in
1064 3411 1220 3472 fluctibus
1240 3413 1399 3498 natantia.
1421 3414 1510 3489 Quas

285 3528 401 3602 siqua
430 3527 495 3588 iuit
517 3523 741 3601 neglegentia,
765 3555 807 3566 -
832 3523 890 3584 sed
914 3523 1006 3585 nulla
1027 3525 1157 3587 videtur
1180 3526 1294 3603 fuisse,
1319 3559 1364 3570 -
1386 3529 1511 3603 gravis·

286 3641 408 3703 simum
442 3639 572 3701 malum
606 3639 649 3698 iis
682 3636 805 3700 intulit.
841 3637 926 3697 Nam
961 3638 1240 3712 quemadmodum
1271 3641 1386 3702 decem
1416 3642 1512 3704 annis

286 3759 360 3816 ante
394 3756 430 3816 in
464 3751 683 3827 Alcibiadem,
717 3751 766 3813 sic
800 3765 888 3812 nunc
918 3750 952 3811 in
983 3751 1190 3815 Erasinidem
1220 3756 1255 3816 et
1284 3753 1442 3816 Periclem
1470 3787 1508 3797 -

285 3870 445 3945 Aspasiae
478 3866 585 3928 fllium
607 3867 708 3927 -et
738 3867 866 3927 ceteros
900 3867 1070 3941 praetores
1103 3866 1226 3942 pietate
1257 3867 1509 3930 Atheniensium

285 3983 430 4056 pessime
451 3981 546 4044 abusi
569 3982 649 4042 suni
671 3979 824 4041 homines
846 3979 992 4056 scelesti,
1018 3983 1052 4041 et
1073 3995 1150 4041 cum
1170 3981 1307 4044 ducibus
1326 3983 1513 4044 insontibus

283 4096 352 4170 ipsa
375 4097 499 4158 civitas
522 4094 631 4156 suiscs
654 4093 833 4155 virtutibus
857 4094 890 4154 in
914 4094 1095 4169 perniciem
1119 4097 1171 4156 est
1193 4095 1342 4173 abrepta.
1364 4096 1512 4172 ,Siccine

287 4212 355 4283 ,tot
384 4209 482 4269 milia
503 4208 650 4268 virorum
674 4221 732 4282 pro
755 4207 863 4282 patria
885 4209 1093 4268 mortuorum
1117 4209 1263 4269 caruisse
1286 4209 1435 4284 sepulcro
1458 4210 1512 4271 ho·

287 4324 419 4396 ,neatoi
452 4321 601 4383 Primum
624 4319 706 4380 illud
728 4319 863 4394 pietatis
885 4319 1042 4398 officium,
1068 4322 1153 4396 quod
1177 4335 1219 4382 ne
1242 4322 1275 4381 in
1299 4323 1512 4395 nequissimis

287 4437 442 4511 ,quidem
472 4433 665 4495 mortalium
689 4433 741 4494 ias
768 4436 858 4494 esset
887 4433 1030 4510 neglegi,
1061 4433 1193 4495 illorum
1224 4435 1412 4510 corporibus
1438 4451 1513 4498 esse

287 4549 511 4624 ,denegatum
521 4548 552 4607 l”

324 4663 366 4724 lit
388 4663 522 4724 iactum
545 4661 597 4720 est
619 4659 653 4720 id
675 4659 761 4733 quod
780 4659 972 4721 incredibile
992 4661 1132 4723 videtur.
1153 4661 1265 4722 Mense
1287 4661 1419 4724 Octobri
1438 4664 1516 4723 anni

284 4777 346 4838 loo
370 4777 453 4836 octo
474 4775 660 4849 praetores,
685 4774 741 4848 qui
765 4773 805 4834 ad
829 4774 1016 4849 Arginusas
1038 4776 1201 4851 vicerant,
1226 4789 1246 4836 a
1269 4775 1396 4836 civibus
1420 4791 1516 4837 caeco

284 4893 385 4952 animi
417 4890 551 4965 impetu
581 4884 755 4948 ruentibus
785 4902 841 4963 per
871 4891 1022 4949 saturam
1046 4889 1166 4950 mortis
1188 4890 1267 4949 sunt
1289 4888 1452 4964 damnati,
1476 4904 1517 4950 ne

284 5018 321 5066 ea
341 5003 482 5079 quidem
506 5001 578 5076 lege
599 5004 748 5076 servata,
772 5016 856 5075 quae
879 5001 919 5062 de
943 5001 1091 5077 pluribus
1114 5001 1212 5062 simul
1232 5002 1297 5062 reis
1316 5003 1514 5062 sententiam

335 5113 384 5154 Aa.
1422 5107 1436 5151 8
