4375 6284
654 931 721 990 336
1098 947 1140 990 nn
1163 947 1272 992 nnxrn
1294 947 1447 993 cunano.

652 1119 763 1179 deberi
792 1117 895 1179 emori
918 1119 1155 1195 interpretum,
1179 1122 1236 1195 qui
1259 1120 1424 1198 Euripidis
1445 1138 1588 1184 weuram
1611 1125 1739 1200 primas
1761 1125 1794 1186 in
1814 1124 1867 1184 nac

653 1231 764 1293 tabula
798 1236 909 1308 partes
944 1248 1041 1308 agere
1075 1249 1275 1309 persuasum
1305 1235 1486 1313 habebant;
1521 1238 1609 1300 hnnc
1642 1239 1744 1314 igitur
1776 1237 1866 1298 titiam

652 1359 750 1405 suam
773 1361 861 1408 nunu
883 1348 990 1409 dicere
1014 1348 1179 1425 Euripidis
1200 1365 1345 1425 νωονονι,
1371 1351 1425 1411 cui
1446 1365 1569 1413 numen
1592 1350 1697 1412 inisse
1722 1346 1869 1412 Ciruevdac

651 1457 743 1520 fama
764 1460 902 1522 ferebat.
928 1462 1014 1524 Olim
1037 1463 1201 1539 scriptum
1223 1465 1307 1525 mit:

828 1640 879 1702 sut
900 1641 957 1720 τὴν
980 1579 1120 1724 ὅῖγρῗτηέᾆ
1145 1642 1381 1723 ἅνδρὸς...μοι
1404 1643 1471 1717 δὸς
1493 1650 1639 1724 τυχεῖν.

652 1751 730 1814 Veri
759 1758 939 1833 vestigium
970 1763 1084 1821 servat
1114 1760 1307 1822 terminatio
1329 1759 1452 1821 vitiosa
1473 1756 1586 1837 -τέραν,
1610 1759 1745 1822 Lacuna
1767 1763 1870 1820 autem

651 1871 806 1933 adverbio
828 1869 939 1950 ταχέως
961 1873 1093 1935 videtur
1112 1873 1284 1950 explenda,
1304 1876 1342 1934 ut
1360 1874 1441 1935 haec
1458 1873 1558 1935 inerit
1577 1874 1716 1949 pristina
1734 1864 1871 1935 trimetri

651 1983 773 2060 figura:

828 2095 879 2158 καὶ
901 2096 957 2174 τὴν
979 2093 1120 2178 θυγατέρ’
1145 2097 1258 2176 ἀνδρὸς
1285 2097 1490 2178 (ταχέως)
1516 2123 1569 2179 μοι
1592 2099 1659 2173 δὸς
1681 2106 1790 2179 τυχεῖν.

695 2213 841 2274 Ultimus
864 2213 918 2273 hic
941 2213 1254 2275 commemorandus
1275 2213 1374 2290 Vesp.
1400 2216 1453 2290 78,
1473 2215 1508 2275 in
1526 2230 1625 2289 quem
1645 2230 1711 2276 nun
1725 2231 1767 2277 ex
1779 2217 1869 2276 inter·

650 2331 859 2404 pretamento
882 2328 940 2388 sed
964 2343 981 2388 e
1005 2328 1157 2403 margine
1179 2329 1313 2403 irrepsit
1336 2343 1459 2390 nomen
1480 2330 1660 2407 proprium.

894 2505 964 2584 eds,
986 2505 1061 2568 ἄλλα
1083 2439 1233 2584 mutuetur
1256 2504 1337 2568 ἔστιν
1356 2505 1432 2587 ἀρχὴ
1455 2518 1510 2569 τοῦ
1532 2517 1640 2570 κακοῦ.

894 2618 943 2681 ddi
967 2618 1001 2681 δὲ
1024 2619 1101 2699 φησι
1123 2621 1280 2693 Σωσίας
1303 2619 1380 2700 πρὸς
1402 2624 1559 2700 Δερκύλον
1581 2619 1639 2683 stt.

695 2737 748 2798 Sic
777 2736 824 2812 V;
847 2735 881 2796 in
906 2735 1029 2797 codicis
1052 2735 1082 2795 R
1103 2738 1237 2797 textum
1260 2737 1432 2812 receptum
1455 2739 1507 2798 est
1528 2737 1869 2812 interpretamentum.

649 2852 911 2915 Consabulantur
945 2851 1035 2913 servi
1069 2851 1238 2912 Xanthiss
1271 2852 1306 2912 st
1335 2850 1463 2926 sosias,
1492 2852 1579 2913 inter
1609 2867 1692 2926 quos
1714 2852 1869 2926 qncmudc

649 2967 865 3029 distribuendi
896 2967 965 3026 sint
993 2980 1112 3027 versus
1142 2963 1286 3027 dubitari
1311 2967 1440 3040 potest:
1466 2959 1575 3026 Sosiae
1596 2965 1741 3027 alterum
1765 2970 1868 3026 utrum

649 3081 727 3142 olim
754 3081 905 3142 tribuens
928 3078 1048 3154 aliquis
1071 3079 1171 3139 huius
1190 3093 1311 3140 numen
1336 3079 1528 3155 adscripsit,
1552 3081 1639 3155 quod
1662 3081 1751 3140 inter
1773 3080 1869 3154 ipsius

648 3198 764 3270 poetae
788 3194 889 3256 verba
905 3193 1033 3271 pridem
1052 3195 1222 3268 receptum
1244 3225 1284 3235 —
1305 3207 1383 3253 nam
1402 3193 1549 3268 priscum
1562 3194 1624 3255 hou
1635 3196 1688 3256 est
1699 3193 1817 3254 vitium
1830 3225 1864 3236 -

648 3308 798 3386 expulit.
815 3353 822 3368 .
837 3354 845 3369 .
860 3307 981 3382 ,quidi
1004 3306 1192 3368 Nescimus.

693 3538 753 3598 His
784 3537 887 3612 igitur
917 3535 1058 3609 aliisque
1089 3534 1174 3595 lucis
1196 3533 1397 3595 emblemate
1425 3534 1458 3595 in
1485 3534 1615 3595 medies
1636 3549 1754 3596 remus
1775 3535 1863 3608 irrep·

647 3656 773 3713 serunt.
802 3652 952 3713 Plurium
980 3665 1064 3724 quae
1087 3651 1183 3710 erant
1205 3649 1382 3710 verborum
1406 3664 1449 3710 ne
1470 3650 1697 3727 reciperentur
1719 3663 1783 3710 non
1802 3649 1864 3707 erat

647 3765 845 3841 periculum,
888 3765 954 3825 nisi
988 3778 1048 3841 pro
1086 3763 1227 3838 integris
1261 3762 1462 3824 haberentur
1496 3761 1658 3824 versibus.
1694 3761 1794 3824 Cuius
1824 3759 1863 3820 rei

648 3877 852 3940 luculentum
878 3877 1070 3955 exemplum
1094 3878 1163 3937 iam
1187 3876 1366 3937 attulimus
1382 3871 1413 3952 ¹),
1434 3891 1513 3937 nam
1532 3874 1700 3938 emblema
1711 3875 1794 3937 Plut
1807 3872 1860 3934 148

647 3993 681 4053 in
706 3993 816 4054 codice
839 3993 867 4052 V
890 4007 995 4053 unum
1021 4007 1156 4053 versum
1181 3990 1294 4052 efficit.
1317 3991 1389 4052 Nun
1411 3991 1524 4052 minus
1546 3991 1695 4052 notabile
1717 3989 1860 4064 estquod

647 4107 750 4168 codex
772 4106 801 4166 R
824 4105 958 4181 praebet
981 4105 1054 4166 dolii
1076 4106 1135 4166 26¹
1156 4105 1265 4180 initio,
1285 4105 1369 4165 Nub.
1393 4105 1477 4166 908:

934 4215 975 4289 ὡς
998 4227 1132 4278 ναυτιῶν
1154 4215 1216 4277 ὑπὸ
1238 4225 1292 4294 τῆς
1315 4215 1433 4278 ἐκείνου
1455 4218 1575 4296 mpure

934 4357 954 4440 ἢ
976 4359 1027 4420 ἵνα
1049 4357 1144 4438 ἒμὲσω
1166 4303 1251 4439 xdie}
1268 4359 1324 4440 γάρ
1348 4381 1400 4436 μοι
1422 4355 1554 4420 luentes

935 4471 987 4533 tad
1009 4471 1045 4532 τὰ
1068 4473 1165 4533 αὐτοῦ
1189 4471 1316 4552 ῥήματα.

807 4584 893 4662 τιδι’]
937 4584 1114 4668 τνφογέρων
1136 4579 1165 4648 εἶ
1183 4583 1395 4664 κάνάρμοστοσ
1416 4583 1475 4646 stt.

644 4703 772 4764 Ultima
801 4703 937 4763 demum
961 4702 1063 4762 verba
1086 4701 1237 4777 legentes
1256 4700 1468 4777 agnoscimus
1490 4702 1622 4778 poetam
1645 4703 1806 4772 nostrum,
1826 4698 1855 4756 et

679 5020 699 5089 ¹)
717 5023 757 5072 Oi.
774 5035 834 5084 pag.
852 5023 909 5070 828.
