4375 6284
657 941 722 1002 268
1097 956 1141 1001 ua
1163 954 1271 1001 annu
1293 952 1445 1000 naanrro.

699 1130 883 1204 Supersunt
904 1129 1036 1191 fabulas
1059 1129 1228 1204 undsclm;
1253 1144 1338 1204 quae
1360 1128 1492 1203 quando
1515 1143 1635 1190 scenae
1652 1128 1778 1190 luerint
1796 1143 1866 1190 com·

656 1244 781 1304 missae
815 1243 965 1318 singulae
999 1244 1157 1305 novimus
1186 1239 1218 1314 ¹).
1263 1243 1312 1303 Ex
1346 1243 1399 1304 his
1433 1244 1563 1319 septem
1597 1243 1808 1320 praesertim,
1838 1245 1869 1302 ut

655 1359 793 1433 septena
829 1357 987 1432 Aeschyli
1018 1357 1192 1434 Sophoclis
1222 1356 1387 1433 Euripidis
1409 1357 1576 1432 dramata,
1599 1356 1680 1418 olim
1702 1356 1738 1417 in
1758 1356 1871 1417 scholis

656 1471 770 1532 sedulo
800 1474 880 1533 sunt
908 1472 1097 1535 lectitatae:
1130 1472 1255 1553 Plutus,
1285 1471 1403 1548 Nubes,
1428 1471 1557 1552 Mace,
1581 1470 1723 1546 Emtae,
1752 1469 1869 1544 Varpoc,

655 1585 739 1662 Pan,
766 1585 853 1646 Acce.
882 1586 1017 1648 Ceteras
1039 1586 1259 1649 antecedebat
1280 1585 1395 1647 fabula
1416 1584 1566 1646 omnium
1588 1584 1687 1659 louge
1708 1583 1871 1657 facillime,
1953 1622 1954 1653 ,

655 1701 773 1776 quippe
797 1714 881 1774 quae
905 1701 1004 1762 clroro
1029 1703 1165 1762 tantum
1189 1714 1256 1760 nou
1280 1713 1418 1776 prorsus
1442 1700 1585 1775 careret,
1608 1697 1738 1770 Plutus;
1769 1711 1870 1771 seque·
1953 1740 1954 1761 l

655 1812 776 1874 bantur
798 1829 881 1888 quae
904 1812 945 1874 ob
971 1813 1098 1875 derisos
1122 1813 1294 1874 Socratem
1317 1815 1352 1874 st
1373 1811 1563 1888 Euripidem
1586 1825 1665 1887 pras
1687 1810 1763 1871 aliis
1785 1809 1874 1871 incla·
1953 1850 1954 1897 ,

654 1931 792 1988 ruerunt
825 1926 931 1988 Nubes
962 1931 996 1990 et
1025 1927 1154 2001 Ranae,
1186 1927 1262 1988 dein
1299 1927 1415 1988 ordine
1453 1926 1686 2001 chronologico
1723 1939 1761 1985 se
1796 1921 1873 1983 exci-
1953 1902 1954 1963 ἶ

655 2041 790 2118 piabant
821 2041 960 2117 doubs,
1003 2041 1130 2118 Vespere,
1169 2035 1261 2118 Pau,
1305 2041 1385 2103 Aves
1405 2035 1438 2112 ²).
1482 2039 1676 2103 Cuiusmodi
1716 2039 1873 2101 rationem
1953 2056 1954 2083 l

654 2156 758 2217 etlam
787 2155 822 2215 in
852 2154 993 2216 aliorum
1023 2159 1198 2231 poetarum
1223 2155 1425 2216 comicorum
1449 2152 1571 2216 rannus
1592 2153 1786 2216 ordinandis
1807 2167 1875 2213 osse
1953 2222 1954 2241 ἶ

655 2269 773 2330 initam
808 2271 952 2330 testatur
985 2269 1078 2345 ordo,
1112 2284 1176 2343 quo
1206 2268 1417 2329 Andronicus
1449 2267 1614 2344 disposuit
1646 2267 1781 2328 tabulas
1812 2265 1873 2326 Pla·

655 2383 745 2444 tonis
763 2376 805 2457 ⁸);
838 2397 918 2442 nam
948 2385 1079 2458 septem
1109 2383 1231 2443 harum
1261 2383 1353 2458 prius
1387 2382 1666 2444 commemoravit
1697 2380 1874 2442 secundum

656 2495 829 2557 nominum
858 2494 989 2556 litteras
1017 2495 1166 2556 initiales
1195 2511 1232 2558 se
1255 2496 1475 2572 excipientes,
1499 2494 1575 2556 dein
1598 2496 1729 2556 ceteras
1750 2493 1875 2570 (viginti

657 2610 751 2679 dues)
786 2609 902 2670 eadem
936 2611 1065 2671 ratione
1100 2609 1272 2672 ordinatas
1305 2609 1494 2679 (adonidem
1529 2611 1630 2679 cett).
1666 2608 1785 2683 Itaque
1816 2623 1875 2669 nou

656 2737 836 2799 possumus
869 2737 935 2784 non
970 2723 1133 2798 suspicari
1163 2724 1267 2784 stiam
1297 2721 1424 2784 cratini
1453 2722 1585 2784 tabulas
1606 2722 1687 2784 olim
1710 2723 1760 2783 ita
1781 2723 1877 2782 luisse
1953 2764 1954 2767 ,

656 2836 851 2911 dispositas,
877 2837 911 2896 et
932 2835 1076 2896 fortasse
1100 2834 1318 2898 confirmatur
1340 2851 1381 2898 ea
1409 2836 1555 2912 suspicio
1580 2839 1782 2911 argumento
1813 2835 1877 2895 Dio·
1953 2898 1954 2923 1

656 2948 894 3024 nysalexaudri
922 2948 1063 3026 fabulas,
1094 2950 1129 3010 in
1159 2964 1224 3023 quo
1253 2953 1360 3011 odooo
1389 2949 1448 3010 illa
1474 2948 1586 3010 fabula
1608 2943 1778 3019 dicitur⁴).
1797 2950 1875 3011 llam

657 3063 842 3126 fabularum
874 3063 993 3140 viginti
1024 3063 1127 3124 trium
1156 3061 1281 3125 cratini
1311 3065 1444 3138 cognita
1465 3066 1545 3124 sunt
1567 3065 1720 3138 nomiua;
1743 3080 1829 3138 quas
1848 3063 1876 3122 si
1953 3130 1954 3133 Ἴ

656 3177 770 3239 ordine
800 3176 1009 3253 alphabetico
1040 3175 1203 3238 collocata
1226 3179 1470 3255 recenseantur,
1493 3177 1800 3252 Dionysalexander
1820 3179 1877 3239 erit

657 3292 769 3354 rabula
796 3296 901 3354 acuo:
932 3306 1052 3368 ergone
1082 3292 1225 3354 duarum
1251 3294 1389 3354 nomina
1411 3308 1473 3354 nos
1495 3292 1627 3354 latent?
1646 3293 1723 3354 Veri
1744 3293 1809 3353 boc
1829 3293 1876 3352 cst

656 3406 832 3482 dissimile,
863 3406 1020 3479 quoniam
1050 3406 1225 3467 nominum
1248 3406 1448 3467 traditorum
1471 3405 1524 3467 vel
1547 3408 1654 3468 maior
1676 3409 1728 3468 est
1750 3419 1875 3467 summe

657 3535 757 3594 quam
780 3519 967 3580 fabularum
990 3533 1073 3594 ques
1097 3519 1273 3595 scripsisse
1294 3519 1398 3580 fertur
1420 3518 1588 3596 Cratinus,
1612 3535 1715 3581 unam
1737 3521 1824 3581 enim
1845 3519 1875 3576 el

658 3633 777 3708 viginti
805 3635 836 3695 si
866 3632 1016 3695 tribuunt
1046 3636 1188 3696 veteres.
1215 3635 1332 3708 Itaque
1354 3637 1498 3711 septem,
1523 3649 1608 3708 quae
1628 3635 1750 3696 ceteris
1772 3635 1874 3694 essent

658 3748 848 3825 nobiliores,
881 3749 1087 3825 praemissas
1119 3764 1194 3810 esse
1224 3750 1389 3824 videntur,
1420 3749 1495 3811 dein
1525 3750 1644 3811 octava
1665 3748 1738 3809 slve
1761 3745 1876 3808 ordinis
1953 3768 1954 3775 κ

657 3995 718 4042 anni
736 3995 783 4042 eil
803 3994 998 4056 adscripserim,
1015 3994 1062 4042 aed
1079 4007 1123 4042 rea
1139 3995 1250 4042 ineerta.
1271 3993 1402 4057 Apricohe
1414 3995 1485 4055 qnod
1502 4009 1571 4044 anno
1589 3996 1639 4043 Μ
1655 3993 1815 4056 adeoripeere
1830 3991 1874 4037 riri

657 4075 737 4132 docti,
760 4074 831 4122 iusta
853 4087 933 4123 oausa
953 4075 1046 4122 deesse
1069 4071 1136 4123 milri
1157 4074 1273 4130 videtum
1289 4088 1349 4124 nam
1367 4076 1543 4135 fragmentum
1562 4077 1611 4123 1⁰0
1628 4073 1797 4135 bitemporis
1811 4069 1873 4118 iudi·

658 4156 727 4202 oium
751 4155 817 4201 eatis
834 4158 935 4203 oemurn
953 4154 1079 4216 praebeat
1095 4168 1196 4203 vereor.
1217 4155 1357 4203 Erroribm
1373 4155 1505 4202 debentur
1521 4154 1671 4204 tabularum
1689 4155 1797 4208 nomina,
1810 4161 1874 4210 qaae

657 4233 769 4280 afferunt
784 4233 940 4282 Eustatlrlus
956 4247 983 4295 p.
1002 4235 1075 4293 1⁷2⁰,
1085 4235 1118 4282 2¹1
1133 4231 1304 4295 (Erechtheas,
1321 4235 1355 4281 of.
1371 4235 1461 4282 tlanok
1477 4234 1608 4295 Aristopb
1626 4248 1653 4294 p.
1671 4235 1717 4293 ab)
1731 4239 1758 4282 et
1772 4231 1873 4280 Ptoou

657 4326 679 4360 e.
696 4325 720 4360 v.
738 4313 874 4377 Ἀλμνρίδος
889 4309 1002 4378 (Tereus,
1019 4313 1051 4366 fr.
1070 4314 1139 4374 182).

693 4389 713 4453 ¹)
730 4390 795 4441 Cum
822 4407 864 4442 ree
889 4407 956 4454 qnae
977 4395 1004 4442 in
1027 4395 1139 4454 singulte
1160 4396 1307 4454 tanguntur
1329 4395 1356 4442 id
1378 4394 1482 4452 docent,
1498 4397 1554 4442 tum
1571 4392 1684 4443 notitiae
1699 4391 1873 4442 didmalioeer

658 4484 769 4531 quarum
793 4485 886 4522 novena
907 4477 1057 4535 supersunt,
1079 4474 1147 4522 dnae
1164 4498 1197 4508 -
1215 4486 1284 4533 qnae
1305 4474 1339 4522 ad
1355 4474 1643 4535 Thesmophoriaaneae
1662 4478 1691 4522 et
1706 4474 1739 4521 ad
1754 4467 1873 4520 salceta·

657 4566 735 4600 aneae
759 4553 975 4614 pertinebant-
994 4555 1044 4602 etei
1068 4551 1236 4610 interierunt,
1257 4554 1321 4614 qnid
1347 4555 1488 4602 habuerint
1510 4555 1680 4614 oognoeoitur
1698 4569 1714 4601 e
1729 4552 1826 4600 acholii·
1840 4547 1871 4594 ad

658 4631 764 4679 rheam.
783 4633 848 4680 1⁰6⁰
865 4630 938 4693 (ooll.
957 4631 1036 4680 aebol.
1055 4633 1115 4692 Itys.
1134 4634 1183 4681 962
1200 4635 1264 4681 Bau.
1282 4635 1314 4681 dil
1332 4634 1378 4693 al.)
1393 4638 1421 4683 et
1437 4634 1470 4682 ad
1487 4635 1560 4682 Boot.
1579 4636 1636 4682 1⁹8.

691 4706 713 4770 ¹)
731 4709 785 4760 Pax
806 4716 868 4772 poet
889 4712 989 4774 Vesper
1011 4717 1069 4760 erat
1085 4714 1225 4762 collocata:
1244 4714 1279 4761 cl.
1295 4714 1396 4762 eobolia
1412 4713 1561 4775 Symmachi
1579 4713 1613 4760 ad
1630 4713 1707 4773 Veep.
1726 4709 1785 4760 liti
1799 4711 1823 4754 et
1839 4703 1870 4750 ad

657 4788 718 4839 Pae.
734 4793 813 4847 roim
828 4818 859 4831 -
874 4796 936 4840 ante
949 4794 1028 4841 Areae
1044 4793 1077 4840 el.
1093 4790 1213 4840 eiusdem
1228 4791 1348 4842 scholion
1360 4793 1450 4841 ader.
1461 4794 1510 4840 8²2
1519 4791 1718 4852 (rvr‘rlamorrita
1725 4779 1869 4839 lientlea¹¹

659 4883 685 4932 p.
705 4872 762 4932 mo,
782 4872 849 4934 rra).

692 4945 713 5010 ⁸)
730 4949 769 4998 Cl.
788 4963 868 5012 supra
885 4964 946 5012 pag.
966 4952 1024 5012 191,
1035 4953 1060 5002 2.

692 5026 715 5093 ⁴)
731 5029 827 5090 omn
844 5031 939 5092 papyri
957 5031 992 5079 iv
1011 5043 1037 5091 p.
1054 5030 1096 5077 dt.
