4375 6284
769 985 811 1028 pre
834 983 941 1028 rsxru
964 983 1117 1030 rasurae.
1486 968 1551 1028 299

370 1160 483 1222 Etiam
501 1160 606 1220 καλ-
620 1155 640 1237 ἥ
653 1149 694 1236 (ἦ)
706 1191 744 1200 -
762 1154 802 1229 ὡς
821 1157 1002 1233 particulas
1020 1171 1121 1232 saepe
1140 1156 1323 1232 permutari
1335 1158 1478 1217 notares
1489 1156 1552 1216 est.

370 1275 585 1336 Permutetse
626 1274 705 1334 sunt
745 1272 798 1331 καί
837 1274 870 1332 et
904 1267 923 1348 ἤ
958 1270 1013 1345 liq.
1050 1271 1128 1348 437,
1163 1270 1219 1332 ubi
1255 1285 1372 1331 verum
1403 1268 1554 1351 servavit

330 1389 430 1452 codex
454 1388 498 1450 R:

506 1498 545 1572 ὡς
569 1492 656 1572 οὗτος
679 1495 741 1578 ἤδη
763 1498 884 1570 καικίας
907 1494 928 1578 ἢ
951 1497 1157 1575 συκοφαντίας
1179 1502 1264 1576 κινεῖ,

328 1617 358 1678 in
380 1617 410 1675 V
434 1618 550 1678 autem
573 1615 711 1691 legitur:
734 1613 853 1686 καικίας
876 1619 895 1687 9
925 1609 1067 1684 (τκαλ)
1089 1612 1294 1689 συκοφαντίας
1316 1617 1394 1673 πνεῖ.

368 1731 482 1794 Etiam
513 1731 625 1807 aptius
654 1729 846 1805 exemplum
877 1731 930 1791 est
954 1728 1052 1805 vesp.
1077 1730 1154 1805 550,
1180 1728 1236 1790 ubi
1259 1732 1368 1791 metro
1390 1729 1497 1790 invite
1519 1729 1553 1789 iu

328 1847 353 1906 V
375 1849 411 1909 et
434 1847 470 1906 in
493 1846 521 1907 R
544 1846 626 1906 haee
647 1844 821 1920 leguntur:

414 1960 445 2020 τί
465 1957 523 2039 γὰρ
546 1955 693 2035 ιόόαιμον
715 1953 736 2037 ἢ
758 1955 810 2017 καλ
832 1955 1017 2037 μακαριστὸν
1040 1961 1154 2091 μᾶληον
1177 1965 1237 2017 νῦν
1260 1954 1321 2018 ἔστι
1345 1957 1499 2017 δικαστοῦ.

1071 2063 1102 2091 κα

368 2117 447 2178 Fuit
481 2115 583 2191 igitur
616 2117 650 2176 in
685 2115 863 2192 archetypo
897 2111 1045 2190 εὔδαιμον
1075 2111 1146 2194 ἢῐ),
1178 2115 1298 2176 vitium
1329 2118 1443 2176 autem
1473 2114 1554 2176 olim

328 2231 455 2307 peperit
477 2230 610 2305 siguum
633 2230 718 2303 quod
742 2229 862 2290 utrivis
885 2229 1068 2306 particulae
1091 2231 1163 2291 erat
1185 2229 1307 2291 simile.

369 2343 574 2406 Simillimus
598 2359 689 2404 error
712 2345 764 2404 est
787 2343 873 2405 Eecl.
899 2344 982 2406 474:

506 2451 552 2518 όσ’
578 2454 617 2516 ἀν
640 2455 754 2535 ἀνόητα
777 2452 823 2536 μῆ
848 2465 934 2535 μῶρα
957 2457 1195 2536 βουλευσώμεθα
1218 2459 1257 2520 Β.

642 2569 756 2649 ἀνόητα
778 2570 830 2631 καί
1217 2575 1250 2631 Γ.

369 2687 515 2762 Bentley
641 2681 740 2764 ἀνόητ’
767 2683 796 2765 ἢ,

368 2804 441 2866 Non
476 2803 590 2864 minus
624 2805 715 2863 certa
748 2817 802 2862 res
837 2804 888 2863 est
920 2801 1002 2863 Ran.
1037 2804 1111 2879 104,
1144 2802 1223 2863 lieet
1253 2803 1341 2864 idem
1365 2802 1486 2864 vitium
1510 2801 1556 2862 ibi

330 2919 511 2993 praebeant
535 2917 563 2976 V
586 2918 620 2977 et
642 2916 670 2976 R
692 2918 726 2977 et
748 2931 880 2978 omnes:

727 3020 746 3106 ἦ
770 3027 831 3106 μὴν
854 3027 970 3107 κόβαλά
993 3023 1016 3106 γ’
1046 3027 1134 3088 ἐστίν.

372 3147 462 3223 Quae
486 3143 644 3219 quoniam
668 3158 733 3204 non
756 3143 894 3204 iurantia
917 3145 997 3203 sunt
1020 3143 1078 3204 sed
1100 3143 1268 3222 obicientia,
1287 3160 1349 3207 suo
1366 3146 1438 3206 iure
1457 3144 1558 3206 cobet

329 3261 495 3322 restituit:

727 3367 793 3429 καί
816 3369 878 3447 μὴν
901 3369 1016 3448 κόβαλά
1039 3366 1065 3451 y’
1091 3369 1185 3449 ἐστίν,

329 3492 360 3548 at
384 3503 491 3549 νιονοο
513 3487 572 3547 λοι
594 3489 668 3546 aaut
691 3477 816 3559 napae!

371 3601 558 3677 cognatum
583 3602 635 3660 est
658 3599 778 3659 vitium
801 3597 885 3659 Nub.
914 3600 1016 3675 11193
1042 3600 1098 3661 ubi
1122 3600 1266 3662 Nubium
1290 3602 1428 3664 chorus:

506 3707 569 3774 εἶτα
591 3711 644 3772 τόν
666 3710 785 3790 καρπὸν
808 3713 1002 3786 τεκούσας
1026 3712 1180 3790 ἀμπέλους
1204 3716 1387 3793 φυλάξομεν.

330 3833 381 3893 Sic
412 3831 481 3892 VR
509 3832 597 3901 (-οῦ-)
621 3829 736 3904 ceteri,
761 3831 840 3889 sunt
863 3832 977 3890 autem
1001 3831 1104 3892 verba
1126 3829 1303 3908 ἀδιανόητα.
1327 3831 1451 3893 Verum
1475 3831 1559 3893 vidit

331 3945 458 4023 corais,
483 3945 539 4020 qui
563 3943 713 4019 scripsit:

594 4057 646 4118 τόν
670 4057 788 4136 καρπόν
811 4077 847 4116 τε
871 4055 935 4118 καί
960 4060 1027 4131 τάς
1051 4057 1222 4138 ἀμπέλους,

331 4190 402 4234 eum
421 4175 531 4250 frupee
561 4177 629 4233 tum
656 4169 730 4232 aiter
760 4171 976 4233 custodiemus.
1005 4173 1097 4249 Quod
1117 4174 1151 4234 in
1175 4174 1355 4250 archetypo
1379 4178 1555 4236 exaratum

332 4300 402 4359 erat
427 4291 626 4357 TGKiTAC
674 4295 926 4358 inTGKiiCAC
949 4296 1041 4356 abiit.

372 4525 589 4586 Permutatae
620 4524 699 4582 sunt
728 4521 782 4581 καί
810 4525 843 4583 et
873 4519 912 4592 ὡς
944 4522 1126 4597 particulae
1155 4524 1233 4598 Lys.
1267 4524 1362 4600 1148,
1391 4523 1447 4585 ubi
1470 4523 1556 4586 Lace

331 4639 584 4700 admirationem
609 4636 756 4712 apertius
779 4651 879 4710 quam
903 4637 1077 4697 honestius
1100 4635 1291 4712 significans

507 4746 522 4810 ὁ
545 4758 681 4828 κοῶκτος
706 4745 822 4825 ἀφατος
847 4753 866 4821 5*
896 4747 986 4822 καλός

366 5068 383 5132 ¹)
402 5072 441 5120 Gi.
457 5074 526 5120 inire
543 5072 593 5120 sub
612 5071 664 5130 11).
