4375 6284
762 953 841 1000 vrrs
864 955 904 1000 ra
927 954 1097 1001 cremans.
1499 942 1541 1001 57

328 1131 355 1189 in
380 1143 446 1202 qua
478 1130 612 1189 caterva
633 1125 789 1186 famelica
810 1127 905 1186 erant
927 1125 1130 1201 Protagoras
1154 1129 1187 1187 et
1209 1126 1432 1202 Ghaerephon.
1456 1126 1546 1188 Tunc

329 1245 358 1302 ut
373 1242 412 1302 de
431 1240 579 1302 Nubibus
598 1239 712 1300 fabula
731 1239 843 1299 minus
862 1239 1010 1312 iniquum
1033 1237 1126 1300 fieret
1144 1239 1301 1301 iudicium
1322 1254 1455 1315 operam
1467 1240 1545 1301 dare

326 1371 431 1416 secum
467 1353 640 1414 constituit
675 1352 926 1427 Aristophanes.
963 1351 1069 1428 Quam
1111 1354 1141 1412 si
1174 1353 1297 1414 iterum
1332 1354 1546 1428 magistratui

328 1469 423 1529 voluit
454 1467 572 1529 offerre
603 1465 655 1527 vel
679 1479 798 1526 revera
820 1464 955 1542 obtulit,
987 1465 1096 1542 magis
1120 1467 1222 1528 etiam
1246 1482 1345 1541 quam
1368 1469 1465 1528 ahma
1486 1482 1545 1542 spe

327 1585 370 1642 est
397 1581 597 1654 frustratus;
630 1595 708 1640 nam
738 1578 850 1640 fabula
880 1594 945 1641 non
977 1580 1102 1641 iterum
1133 1595 1254 1642 scenae
1283 1583 1336 1642 est
1365 1583 1547 1642 commissa

326 1695 405 1754 ludis
435 1693 585 1770 publicis.
618 1693 680 1753 Sed
708 1707 780 1753 rem
802 1694 873 1753 tam
896 1693 1067 1754 insolitam
1090 1694 1293 1769 appetivisse
1315 1710 1381 1755 non
1405 1695 1546 1756 videtur.

327 1807 476 1882 Quicquid
507 1807 539 1868 id
570 1809 636 1882 est,
662 1806 764 1867 edidit
787 1809 867 1867 tunc
889 1806 1053 1882 tabulam,
1078 1811 1257 1882 postquam
1280 1808 1398 1869 deletis
1421 1809 1548 1883 aliquot

326 1923 484 1998 versione,
519 1937 658 1997 quorum
694 1920 786 1982 nulla
813 1922 881 1982 iam
915 1932 1094 1997 supersunt
1124 1923 1280 1999 vestigia,
1312 1924 1548 1998 quinquaginta

325 2035 385 2099 iere
418 2052 525 2098 novos
558 2037 707 2097 inseruit.
749 2035 786 2096 In
822 2035 873 2096 his
908 2035 1008 2098 libers
1045 2038 1272 2112 expostulavit
1309 2053 1384 2099 cum
1419 2038 1547 2099 civibus

324 2152 465 2214 tabulam
486 2152 656 2212 immerito
675 2150 878 2226 aspernatis,
898 2150 1091 2226 Eupolidem
1108 2156 1221 2214 autem
1237 2152 1548 2228 aliosqueaemulos

325 2266 445 2327 acerbis
467 2264 588 2340 petivit
610 2264 774 2338 dicteriis;
798 2279 938 2338 quorum
958 2265 1047 2326 iocos
1071 2265 1257 2340 quicunque
1279 2265 1472 2341 probarent,
1496 2265 1549 2325 his

325 2380 423 2454 ipsius
444 2379 678 2455 Aristophanis
702 2378 840 2439 facetiae
863 2379 994 2440 utinam
1016 2395 1058 2442 ne
1081 2381 1263 2454 placerentl

365 2493 560 2567 Lagentium
592 2491 657 2552 alia
687 2505 788 2564 quam
819 2491 1005 2566 primorum
1031 2497 1257 2569 spectatorum
1281 2495 1344 2554 iuit
1367 2494 1549 2569 sententia;

326 2608 418 2668 hodie
437 2605 606 2682 Eupolidis
626 2605 845 2666 adulatorum
860 2639 900 2650 -
914 2605 1045 2668 fabulae
1064 2608 1203 2668 minime
1222 2606 1495 2668 tameninsulsas
1507 2640 1548 2652 -

325 2735 387 2780 non
419 2721 484 2780 nisi
508 2733 584 2780 rara
606 2721 785 2794 supersunt
811 2720 965 2795 vestigia,
991 2724 1025 2781 et
1046 2721 1218 2796 Amipsiae
1242 2721 1460 2796 Philosophus
1481 2720 1550 2780 alta

326 2836 405 2908 tegit
433 2833 612 2894 oblivionis
644 2849 724 2894 nox:
757 2832 867 2894 Nubes
891 2836 924 2895 et
954 2835 1025 2895 Pax
1049 2835 1285 2910 Aristophanis
1307 2832 1439 2895 fabulae
1462 2833 1552 2894 clara

328 2949 426 3008 etiam
452 2949 486 3008 in
511 2949 583 3009 luce
607 2949 793 3008 versantur.

913 3221 954 3284 X.

367 3402 575 3464 Induciarum
607 3405 754 3478 tempore
785 3399 1026 3476 Aristophanes
1056 3401 1141 3462 duas
1170 3400 1299 3461 rabulas
1329 3402 1421 3478 iecit,
1454 3402 1549 3462 Proa-

324 3531 432 3588 ponam
455 3521 489 3578 et
519 3517 642 3591 Vecpua.
1015 3503 1018 3510 ’

368 3628 510 3704 Quarum
542 3631 630 3705 prior
664 3642 780 3688 mense
815 3627 994 3688 Februario
1024 3627 1102 3686 anni
1134 3629 1199 3687 422
1229 3628 1368 3689 Lenaeis
1399 3633 1451 3688 est
1473 3629 1551 3688 data
1603 3700 1606 3705 ¹

326 3743 491 3817 primoque
522 3742 670 3819 praemio
701 3745 819 3802 ornata
850 3755 923 3801 asse
954 3740 1094 3802 videtur.
1123 3741 1301 3802 Escenica
1324 3744 1395 3803 arte
1418 3743 1550 3802 desum-

326 3859 393 3916 tsm
414 3856 517 3918 fuisse
540 3855 714 3916 materiem
738 3855 833 3915 docet
856 3868 994 3926 nomen;
1019 3857 1189 3928 praeterea
1211 3854 1397 3930 Euripidem
1417 3858 1548 3928 poetam

326 3971 484 4044 tragicum
508 3969 544 4029 in
567 3984 606 4029 ea
628 3968 776 4028 derisum
800 3982 874 4028 esse
899 3968 1065 4028 novimus.

369 4082 475 4144 Mense
498 4081 616 4143 Martio
640 4081 768 4155 Magnis
791 4081 996 4142 Liberalibus
1014 4095 1134 4140 scenae
1152 4080 1332 4141 commissa
1351 4085 1405 4140 est
1424 4081 1550 4156 Vespae

327 4195 441 4259 tabula.
474 4195 576 4258 Cuius
606 4194 714 4270 operis
744 4209 879 4268 germen
911 4195 945 4254 in
972 4194 1207 4269 Aristophanis
1231 4195 1342 4255 animo
1367 4195 1452 4256 vixit
1474 4194 1551 4254 inde

327 4309 365 4368 ab
389 4325 423 4370 eo
446 4311 597 4385 tempore
616 4322 680 4382 quo
700 4305 810 4368 Nubes
830 4307 978 4383 scripsit,
999 4307 1144 4367 Nubium
1163 4310 1277 4368 antem
1299 4323 1376 4383 pars
1388 4307 1551 4383 posterior

328 4421 448 4498 vespae
471 4423 583 4486 tabula
605 4421 668 4481 dici
691 4422 813 4495 potest.
838 4419 919 4480 Post
942 4434 1119 4480 causarum
1141 4423 1300 4495 patronos
1318 4423 1417 4495 poeta
1433 4421 1553 4495 petivit

328 4536 457 4600 iudices.

370 4647 441 4712 Saul
475 4649 600 4712 rustico
634 4645 868 4709 lleditaculum
906 4645 986 4706 illud
1021 4649 1167 4722 primum
1202 4647 1323 4708 visenti
1356 4663 1376 4707 a
1405 4647 1552 4708 Socratis

329 4763 462 4835 quodam
504 4762 668 4837 discipulo
709 4759 985 4822 monstrabantur
1019 4761 1112 4821 varia
1145 4761 1395 4836 disciplinarum
1433 4763 1551 4821 lustru·

330 4884 438 4936 menta
465 4881 500 4938 et
530 4874 748 4949 adminicula,
780 4873 815 4933 in
846 4873 899 4932 his
925 4872 1038 4934 tabula
1061 4875 1177 4934 orbem
1201 4879 1365 4934 terrarum
1391 4873 1552 4935 exhibens

330 4987 497 5063 depictum.
522 4990 560 5052 In
585 5005 650 5064 qua
673 5002 749 5048 cum
774 4986 940 5048 iudicatus
963 4986 1025 5046 sibi
1050 4991 1141 5048 esset
1165 4987 1271 5062 locus,
1298 4988 1352 5048 ubi
1376 4987 1550 5047 Athenien·
