4375 6284
760 989 801 1034 nn
825 939 932 1034 naxon
955 987 1109 1034 numne.
1479 973 1544 1034 917

497 1159 576 1221 οὕτω
596 1154 625 1220 δ’
645 1155 666 1231 ¹)
691 1153 882 1237 ἐπολιόρκησ’
910 1155 967 1238 ἐγὼ
990 1159 1042 1221 τὸν
1066 1153 1150 1238 ἄνδρ’
1176 1155 1292 1220 ἐκεῖνον
1316 1157 1435 1236 ὅμως,

323 1289 436 1336 verum
460 1274 560 1336 habet
583 1275 626 1336 B:
651 1270 776 1351 ὠμῶς,
799 1273 924 1335 aeriter.

362 1389 403 1449 nt
438 1403 456 1449 e
490 1387 628 1450 scholiis
659 1391 696 1450 nt
727 1387 915 1464 proferatur
944 1386 1066 1448 similis
1095 1401 1197 1461 error,
1229 1386 1270 1447 ad
1294 1387 1371 1462 Lye.
1396 1388 1438 1449 62
1461 1388 1547 1448 inR

322 1503 400 1564 haec
430 1505 510 1564 sunt
541 1502 725 1578 adscripta:
761 1499 917 1578 ‚sixteen
943 1497 1006 1560 ἐπεὶ
1036 1497 1052 1560 ὁ
1084 1499 1179 1576 δῆμος
1202 1508 1263 1559 τῶν
1282 1498 1447 1579 Ἀχαρνέων
1478 1499 1548 1562 ἐτε-

322 1617 478 1694 τίμητο,
501 1613 552 1676 διὰ
574 1623 662 1675 τοῦτο
686 1612 738 1687 τὰς
761 1612 879 1674 ἐκεῖθεν
903 1613 1059 1696 προσδοκᾷ
1082 1615 1263 1693 γοναῖκας”.
1287 1613 1352 1675 Ubi
1370 1614 1546 1690 legendum

322 1746 394 1791 esee
425 1727 611 1808 ἐτέτμητο
640 1731 674 1790 et
697 1732 876 1791 contextus
901 1729 997 1790 donet
1020 1730 1053 1789 et
1076 1742 1188 1789 rerum
1212 1728 1247 1788 in
1270 1728 1355 1789 bello
1377 1731 1549 1804 gestarum

322 1845 494 1907 memoria.

365 1959 488 2020 Nomen
506 1959 679 2036 proprium
702 1959 735 2020 in
759 1958 787 2019 V
810 1961 845 2020 et
867 1959 895 2019 R
919 1957 1006 2019 male
1030 1961 1082 2018 eet
1105 1957 1258 2018 habitum
1282 1956 1365 2018 Nub.
1390 1958 1473 2018 553:

456 2072 591 2147 Εὔπολις
615 2069 670 2152 μὲν
692 2072 745 2134 τὸν
770 2074 812 2133 Μ
816 2079 1016 2152 ακοιρικᾶν
1039 2071 1207 2150 πρώτιστον
1230 2071 1438 2151 παρείλκυσεν.

322 2189 375 2250 Sic
397 2189 439 2266 R,
463 2189 545 2250 item
569 2185 663 2258 (κᾶν)
686 2187 724 2249 V.
749 2189 818 2249 Ant
840 2186 911 2258 τοὺς
933 2185 1102 2263 μακαρίους
1124 2190 1184 2247 ant
1206 2184 1291 2246 nihil
1313 2185 1473 2260 cogitavit
1494 2184 1550 2260 qui

323 2304 368 2364 ita
392 2303 537 2378 eorrupit
560 2317 716 2364 nnmeroe
740 2301 953 2378 Eupolideoe;
978 2301 1107 2363 sincera
1127 2301 1275 2362 nominis
1296 2300 1406 2363 forma
1427 2302 1551 2377 Μαρτ-

322 2425 391 2488 τᾶς
415 2415 550 2478 aliunde
573 2415 717 2491 cognita.

411 2528 493 2591 Nub.
519 2530 595 2591 349.

456 2639 563 2721 ἄγριόν
584 2664 652 2702 τινα
665 2687 672 2702 .
685 2687 692 2701 .
705 2686 712 2702 .
725 2634 848 2721 οἷόνπερ
871 2640 924 2701 τὸν
948 2638 1158 2718 Ξενοφῶντα
1182 2641 1209 2700 V
1233 2656 1291 2717 pro
1313 2639 1493 2717 -φάντοα,

412 2758 488 2832 Lye.
514 2758 590 2819 679.

457 2868 585 2949 ἔγραψε
609 2869 844 2947 antinoon)
866 2871 896 2928 Γ
915 2884 972 2944 pro
996 2863 1102 2948 ἔγραψ’
1128 2864 1181 2946 ἐφ’
1208 2868 1345 2929 ἵππων.

369 2984 422 3046 Sio
451 2987 539 3060 tum,
571 2999 648 3044 cum
672 2984 821 3044 omnium
847 2984 960 3044 inore
991 2985 1063 3044 eret
1087 2996 1210 3044 nomen
1234 2983 1328 3044 ducis
1351 2984 1494 3060 strenui,
1517 2983 1550 3044 in

324 3097 455 3160 schedio
477 3112 559 3172 qnae
582 3096 778 3174 typothetae
800 3097 884 3158 mihi
906 3096 1086 3159 mittebant
1109 3111 1129 3157 a
1151 3096 1242 3172 prelo
1260 3099 1411 3159 recentes
1429 3097 1551 3158 Aristo·

326 3211 440 3286 phanis
463 3211 625 3272 editorem
649 3209 744 3272 Bothe
766 3211 900 3287 saepius
923 3211 1050 3273 iactum
1075 3211 1144 3271 vidi
1168 3210 1280 3274 Bothe.

411 3325 499 3387 Eccl.
524 3327 602 3388 605.

457 3437 560 3512 οὐδεὶς
583 3437 674 3501 οὐδὲν
697 3442 898 3516 πνεύματι
922 3438 1026 3520 δράσει
1049 3441 1078 3498 Γ
1097 3454 1156 3516 pro
1179 3437 1305 3523 πενίᾳ.

369 3559 438 3622 Non
472 3559 590 3620 ΠΕΝΙ
616 3561 674 3622 eed
707 3542 791 3618 iTN‘i
817 3559 928 3622 videre
959 3559 1022 3621 sibi
1045 3560 1139 3620 viane
1162 3561 1215 3620 eet
1236 3559 1393 3621 librarius
1415 3562 1551 3623 nutone.

329 3672 416 3737 Idem
439 3674 578 3751 praebet
600 3674 724 3737 eodieie
746 3675 776 3732 Γ
793 3673 894 3734 simia
917 3673 955 3738 B.

372 3787 485 3864 Qualia
515 3787 624 3850 textui
654 3787 790 3862 gravius
820 3801 939 3848 nocere
969 3801 1034 3848 non
1067 3787 1189 3862 solent,
1218 3788 1350 3863 egregie
1380 3787 1469 3849 enim
1499 3789 1551 3849 ab·

330 3901 425 3962 surda
450 3901 500 3963 sio
522 3903 707 3963 nascuntur
728 3901 824 3977 vitio,
849 3915 932 3975 qnae
956 3916 975 3962 a
998 3900 1117 3975 quovis
1140 3901 1264 3962 lectore
1288 3901 1386 3977 paulo
1409 3901 1555 3964 acutiore

330 4013 422 4076 facile
440 4017 675 4093 agnoscuntur,
699 4029 806 4089 neque
830 4014 972 4076 difficilis
995 4017 1047 4076 eet
1070 4014 1304 4090 plerorumque
1327 4015 1555 4078 huiuscemodi

333 4126 473 4192 locorum
515 4129 685 4192 correctio.
721 4129 804 4190 'ium
840 4130 975 4190 demum
1010 4129 1117 4190 instat
1150 4127 1347 4204 perieulum,
1382 4145 1458 4190 oum
1493 4145 1552 4206 pro

333 4243 436 4304 verbis
468 4245 609 4306 sinceris
642 4243 834 4304 scribuntur
868 4243 990 4304 vitiosa
1023 4243 1170 4319 quinem,
1206 4243 1264 4303 sed
1295 4257 1380 4315 quae
1409 4244 1552 4318 speciem

335 4359 416 4419 eerte
448 4359 593 4420 habeant
627 4361 660 4419 et
691 4358 841 4418 numeris
872 4357 955 4418 satie
987 4359 1181 4432 congruant.
1212 4356 1321 4418 sicin
1344 4355 1412 4416 VR
1435 4358 1554 4418 eeterie

335 4467 402 4532 Pac.
425 4472 490 4533 999
514 4485 585 4546 eqq.
610 4471 692 4532 haee
714 4473 809 4532 eunt:

637 4581 687 4644 uui
710 4581 766 4662 τὴν
788 4580 905 4663 ἀγορὰν
927 4579 1000 4661 ἡμῖν
1024 4581 1154 4663 ἀγαθῶν

636 4695 851 4775 ἐμπλησθῆναι
874 4695 1063 4778 μεγάλων·
1088 4696 1254 4778 σκορόδων,

638 4813 753 4874 σικύων
775 4809 832 4872 καί.

366 5069 385 5132 ¹)
401 5075 462 5136 hog.
481 5075 553 5129 οὕτως
570 5073 694 5134 (Bennoi)
711 5075 757 5120 ant
776 5073 836 5119 etita
850 5069 911 5126 ’ξοπ
928 5070 1063 5133 (Debree).
