4375 6284
732 962 775 1008 οι
796 962 905 1010 runnu
927 961 1078 1008 raanrro.
1450 950 1515 1010 aia

514 1131 551 1196 iv’
577 1130 643 1196 ἅτθ’
670 1132 686 1196 ὁ
709 1134 804 1212 κῆρυξ
827 1132 885 1194 οὑκ
908 1133 1143 1212 Λακεδαίμονος
1166 1131 1243 1272 mia
1346 1219 1350 1274 Ι
1381 1211 1452 1256 πάλιν

515 1275 665 1357 πύθησθ’·
688 1276 810 1354 ἀφῖκται
834 1277 891 1358 γὰρ
914 1275 981 1355 περὶ
1004 1278 1147 1338 σπονδῶν
1170 1277 1272 1357 λέγων.

340 1393 373 1454 Ια
404 1394 555 1469 margine
585 1394 651 1454 iam
683 1393 840 1456 exulabat
869 1390 971 1468 πάλιν,
1000 1393 1117 1467 utpote
1140 1391 1239 1454 lectio
1262 1393 1406 1468 sequior.
1431 1393 1519 1468 Quae

305 1507 332 1567 in
355 1508 536 1584 exemplari
566 1513 620 1584 (ai,
649 1509 735 1569 unde
759 1507 787 1568 R
807 1511 856 1568 est
881 1507 1065 1584 excriptus,
1090 1507 1241 1583 neglecta
1264 1511 1332 1581 est;
1356 1524 1462 1583 neque
1484 1509 1517 1568 id

306 1622 496 1698 mirandum,
528 1623 683 1697 quoniam
714 1621 868 1696 Equitum
900 1621 1030 1684 fabulae
1062 1622 1144 1682 haec
1171 1637 1249 1698 pars
1270 1624 1305 1683 in
1328 1623 1386 1684 ilio
1408 1639 1516 1684 exem-

213 1733 214 1744 ’
304 1735 377 1809 piari
400 1767 442 1779 -
468 1738 505 1795 ut
527 1739 561 1796 et
582 1735 617 1797 in
639 1736 711 1811 ipso
735 1734 763 1795 R
787 1768 828 1780 -
852 1734 944 1796 nulla
967 1735 1081 1797 habuit
1103 1737 1232 1796 scholia
1250 1741 1307 1796 aut
1325 1736 1516 1813 interpreta-

305 1853 417 1911 menta.
450 1849 545 1910 Alius
574 1863 653 1910 vcro
676 1848 798 1910 codicis
818 1864 841 1925 y
862 1847 951 1908 fliius
974 1853 1012 1918 (ο)
1036 1849 1229 1910 adverbium
1252 1850 1343 1908 πάλιν
1366 1850 1518 1926 proximo

304 1965 404 2024 versui
437 1963 604 2040 adiunxit,
641 1965 675 2024 et
706 1963 755 2024 sic
784 1962 961 2023 adauctum
992 1963 1085 2023 iilum
1118 1978 1252 2024 versum
1285 1964 1420 2025 exhibet
1449 1965 1517 2025 iam

305 2077 418 2137 codicis
439 2093 458 2136 ο
481 2077 578 2138 bodie
601 2075 763 2151 deperditi
787 2075 896 2150 proles
918 2075 1179 2138 varsPaiat.
1204 2078 1234 2138 M
1253 2073 1284 2147 ¹).

341 2191 455 2264 Itaque
479 2191 705 2251 huiuscemodi
729 2188 886 2250 delineari
909 2192 1016 2265 potest
1039 2193 1202 2250 stemma:

1095 3013 1158 3070 AI
1175 3010 1201 3070 Θ
1223 3012 1327 3072 Palat.
1352 3013 1383 3072 Μ
1399 3007 1434 3082 ²).

342 3159 537 3223 communia
559 3177 638 3223 vero
661 3177 744 3236 quae
766 3162 848 3223 vitia
866 3161 988 3223 habent
1005 3161 1033 3219 V
1053 3165 1086 3222 et
1105 3161 1147 3239 R,
1168 3177 1208 3223 aa
1225 3162 1322 3238 longe
1334 3164 1516 3224 maximam

303 3279 425 3348 partem
455 3279 537 3337 sunt
565 3275 730 3337 eiusmodi
756 3277 794 3336 ut
814 3274 954 3337 ducibus
976 3278 1084 3337 metro
1107 3279 1142 3337 et
1164 3278 1235 3337 arte
1258 3279 1478 3351 grammatica
1500 3294 1520 3338 a

303 3391 413 3460 quovis
443 3390 574 3466 possint
602 3390 737 3466 corrigi3
769 3405 888 3466 parum
917 3390 1019 3466 igitur
1047 3391 1181 3466 prodest
1203 3390 1331 3452 codices
1353 3392 1522 3464 aequiores

304 3504 510 3579 perscrutari,
535 3517 578 3564 an
600 3503 685 3564 forte
710 3503 813 3564 etiam
837 3504 910 3564 sine
934 3503 1167 3565 coniecturalis
1190 3504 1272 3564 artis
1296 3519 1357 3579 ope
1378 3499 1439 3582 τᾶρ’
1464 3521 1521 3580 pro

304 3614 355 3694 γάρ
383 3617 489 3693 possit
512 3615 613 3678 scribi
637 3631 679 3678 ex
702 3617 874 3679 chartulae
897 3617 1036 3678 alicuius
1061 3617 1269 3693 auctoritaie,
1292 3617 1345 3677 vel
1366 3611 1440 3700 κᾷτα
1463 3634 1521 3693 pro

304 3729 382 3791 κατά.
406 3731 456 3792 Ad
477 3729 561 3792 talia
578 3730 613 3791 iu
631 3730 800 3806 integrum
819 3731 1027 3792 restituenda
1045 3730 1155 3792 nullos
1174 3730 1303 3791 codices
1314 3732 1524 3806 requirebant

305 3843 426 3906 Bentisi
456 3843 509 3906 vel
540 3843 688 3906 Porsoni.
720 3844 811 3920 Alia,
843 3859 927 3919 quae
957 3844 1111 3920 graviora
1137 3847 1234 3920 sunt,
1258 3847 1336 3905 ante
1359 3849 1518 3924 aetatem,

305 3971 364 4030 qua
385 3958 572 4019 communis
596 3958 785 4020 nostrorum
810 3957 960 4020 codicum
984 3960 1105 4019 atavus
1128 3960 1227 4018 natus
1250 3959 1316 4033 est,
1336 3959 1369 4020 in
1389 3961 1519 4021 textum

304 4069 510 4147 irrepserunt,
522 4071 635 4146 itaque
647 4073 704 4132 aut
715 4071 884 4133 toleranda
895 4074 974 4132 sunt
986 4074 1044 4133 aut
1055 4071 1172 4132 invitis
1184 4072 1350 4134 codicibus
1361 4076 1523 4148 quotquot

306 4181 469 4246 innotuere
493 4183 684 4260 corrigenda
706 4188 786 4247 sunt
809 4185 982 4260 omnibus;
1002 4185 1157 4260 exemplo
1176 4186 1245 4246 sint
1263 4161 1360 4248 baec:
1380 4185 1521 4247 οποδύοα

305 4295 351 4368 τὰς
372 4297 556 4376 καταράτους
575 4295 708 4377 ἐμβάδας
721 4343 727 4357 .
741 4343 763 4358 ..
783 4295 921 4359 ὑπόδυθι
934 4346 940 4357 .
953 4345 959 4356 .
972 4345 978 4357 .
998 4297 1218 4358 ὑποδύοαοθαι
1231 4345 1256 4358 ,.
1271 4344 1277 4357 .
1290 4295 1522 4374 ὑποδυσάμευος

306 4425 376 4485 pro:
407 4410 604 4473 ὑπολύου...
635 4409 816 4472 bundoni...
843 4409 1122 4488 ὑποδήσασθαι...
1146 4410 1379 4490 ὑποδησάμενος
1393 4407 1425 4484 ³).
1492 4439 1495 4442 ’

309 4562 517 4574 *—

339 4641 356 4707 ¹)
373 4646 443 4696 Idem
460 4647 552 4696 vitium
571 4647 598 4692 in
613 4644 675 4692 ΨΒ
691 4645 798 4704 irrepsit
816 4645 862 4704 Eq.
882 4647 960 4692 1³51:
978 4649 1071 4708 μακράς
1089 4639 1133 4705 v¹J
1151 4647 1223 4702 λέγω
1238 4643 1308 4694 WB.
1320 4647 1524 4696 ConsimiieVR

307 4723 400 4772 hubent
416 4728 474 4775 Pac.
491 4727 542 4774 ⁹2⁰
559 4723 637 4783 (corr.
652 4724 783 4782 Dindorii.

336 4799 356 4862 'i
372 4802 445 4854 iiiito
466 4817 594 4866 quaerore
617 4803 747 4862 quomodo
770 4803 839 4850 inter
861 4815 890 4848 se
915 4802 1074 4851 cohaereant
1097 4802 1202 4850 codices
1223 4803 1397 4851 arcuerat.
1420 4806 1446 4852 Μ
1466 4805 1523 4860 niii;

306 4880 419 4932 codicum
440 4885 621 4935 thernenses
640 4882 757 4929 iabniam
775 4882 953 4930 exhibentium
972 4887 1087 4929 stemma
1103 4884 1225 4945 improbo
1242 4883 1331 4930 labore
1349 4890 1425 4932 aenio
1442 4898 1525 4945 nuper

308 4961 400 5011 struxit
414 4965 441 5012 Ε.
457 4963 523 5024 Cary
540 4963 658 5012 Harvard
677 4963 783 5011 studies
804 4963 868 5010 190⁷
887 4976 913 5023 p.
932 4964 979 5010 lbi
1000 4976 1056 5022 sqq.

339 5037 359 5102 ¹)
377 5043 450 5107 vesp.
467 5045 531 5092 llb'i
549 5055 607 5103 sqq.

357 5129 405 5174 aa
1410 5113 1443 5174 'ia
