4375 6284
642 927 705 986 156
1159 939 1200 983 na
1223 939 1348 984 ronnas

639 1114 673 1172 et
705 1110 822 1186 gravia
854 1114 908 1172 est
940 1126 1111 1188 perpessa,
1148 1144 1189 1155 -
1223 1125 1289 1171 non
1324 1111 1414 1174 enim
1450 1111 1561 1187 pueris
1590 1115 1649 1174 aut
1678 1112 1848 1174 semidoctis

639 1223 877 1300 interpretibus
905 1226 1085 1300 scripserat
1107 1228 1206 1301 poeta
1229 1225 1387 1302 comicus,
1412 1224 1470 1285 sed
1489 1225 1733 1300 spectatoribus
1753 1241 1851 1300 aequa·

639 1336 742 1414 libus,
766 1370 811 1380 —
828 1338 960 1414 integra
977 1340 1091 1399 nmen
1111 1338 1282 1414 superarit
1299 1353 1343 1398 ex
1361 1337 1464 1415 clade,
1481 1353 1545 1412 qua
1556 1338 1852 1414 pleraequeiabulac

639 1450 901 1525 Aristophaneae
926 1451 1184 1525 interciderunt;
1214 1465 1293 1512 nam
1324 1466 1390 1513 non
1422 1453 1487 1513 nisi
1509 1456 1648 1526 quartae
1672 1453 1784 1526 cuique
1805 1451 1854 1513 clo

640 1564 790 1625 mentem
823 1580 860 1626 se
894 1566 1063 1640 praestitit
1093 1565 1237 1627 fortuna.
1268 1565 1310 1625 lit
1339 1567 1409 1627 est·
1424 1581 1504 1628 sane
1535 1565 1621 1640 quod
1651 1565 1856 1641 gaudeamus,

640 1677 703 1738 hoc
725 1692 853 1752 quoque
876 1681 995 1754 poetae
1017 1693 1101 1755 opus
1123 1678 1164 1739 ad
1187 1694 1249 1740 nos
1272 1679 1482 1755 pervenisse;
1506 1679 1572 1740 vile
1595 1679 1685 1740 enim
1710 1694 1857 1740 essenon

640 1791 750 1867 potuit
767 1791 800 1852 ld
819 1791 905 1866 quod
922 1808 966 1853 ex
980 1790 1071 1852 illius
1088 1791 1219 1867 ingenio
1236 1795 1325 1853 esset
1339 1796 1558 1869 prognatum:
1578 1791 1708 1867 aquilae
1720 1795 1859 1854 senectus

641 1905 815 1966 iuventute
837 1904 975 1966 alaudae
997 1906 1122 1981 potiori
1148 1905 1211 1967 Sed
1235 1905 1384 1980 quisquis
1411 1905 1501 1967 dolet
1523 1905 1661 1967 iniurias
1684 1921 1704 1967 a
1725 1908 1860 1980 tempore

642 2017 839 2085 inexorabili
869 2018 1054 2081 carissimis
1083 2019 1304 2082 familiaribus
1327 2020 1452 2097 illatas,
1477 2021 1611 2083 Plutum
1635 2020 1779 2082 tabulam
1801 2033 1859 2094 per·

643 2130 759 2206 legens
780 2131 900 2206 gaudio
922 2131 971 2193 illi
991 2133 1182 2195 moestitiae
1205 2133 1329 2209 aliquid
1352 2134 1542 2195 admixtum
1565 2135 1678 2196 sentit.

689 2243 806 2305 Plutus
834 2242 947 2306 tabula
972 2247 1011 2306 ut
1032 2261 1109 2308 cum
1133 2246 1347 2309 Feminarum
1370 2248 1514 2324 Imperio
1538 2263 1558 2309 a
1581 2248 1765 2324 legentibus
1785 2261 1862 2306 com·

643 2361 779 2437 paretur
808 2358 874 2420 tert
902 2360 1006 2434 ratio;
1036 2374 1116 2421 nam
1147 2363 1181 2422 et
1207 2362 1356 2436 tempore
1387 2361 1451 2422 hae
1474 2360 1607 2423 rabulae
1629 2363 1718 2422 inter
1740 2377 1774 2422 se
1795 2359 1864 2420 sunt

645 2472 774 2533 vicinae
791 2504 836 2514 -
854 2487 922 2536 non
945 2473 1010 2534 nisi
1032 2476 1174 2547 quatuor
1196 2474 1275 2534 anni
1298 2475 1519 2536 interfuerunt
1544 2505 1583 2516 -
1609 2477 1643 2534 et
1664 2473 1786 2536 similis
1805 2487 1864 2533 am·

644 2585 750 2647 babus
790 2588 842 2647 est
883 2587 1052 2648 materies.
1094 2587 1268 2649 Mulierum
1306 2588 1492 2649 Divortium
1527 2587 1701 2649 Mulierum
1736 2585 1865 2663 Imperio
1947 2571 1949 2650 i

645 2699 889 2773 quodammodo
919 2701 1147 2762 continuatam
1177 2702 1328 2763 diximus
1359 2702 1525 2764 fabulam:
1555 2717 1621 2764 non
1655 2703 1766 2763 minus
1787 2705 1866 2763 recto

646 2814 768 2874 dixerit
797 2815 962 2891 quispiam
994 2830 1080 2892 rem,
1112 2830 1210 2890 quam
1241 2817 1275 2876 in
1303 2815 1475 2878 Mulierum
1501 2816 1644 2893 Imperio
1668 2820 1764 2892 poeta
1785 2815 1867 2876 insti·
1951 2844 1952 2902 q

644 2928 780 3006 tuisset,
804 2929 838 2990 in
861 2928 958 2991 Pluto
980 2944 1077 3004 porro
1102 2945 1175 2991 esse
1198 2933 1387 2991 tractatam.
1952 2934 1953 2996 l

1953 3024 1954 3088 l

693 3155 782 3217 Satis
811 3155 965 3232 apparuit
994 3155 1168 3216 hominum
1199 3155 1370 3216 civitatem
1403 3169 1468 3216 non
1497 3169 1596 3230 posse
1621 3153 1672 3215 ita
1689 3154 1817 3215 institui
1837 3157 1868 3212 ut
1954 3114 1955 3172 5

646 3272 820 3346 aquarium
855 3268 988 3344 aliquod
1022 3269 1075 3331 vel
1110 3269 1293 3342 aviarium;
1329 3271 1381 3329 ius
1410 3267 1548 3329 dominii
1576 3269 1606 3329 si
1635 3267 1783 3342 tollatur,
1812 3279 1868 3326 nun

647 3385 749 3447 simul
772 3384 943 3445 sublatum
966 3383 1007 3444 iri
1025 3385 1271 3460 paupertatem,
1294 3397 1400 3457 neque
1418 3397 1516 3459 posse
1533 3381 1605 3444 fleri
1624 3385 1663 3443 ut
1679 3397 1734 3444 res
1752 3379 1870 3457 publica

647 3500 696 3562 ita
707 3499 880 3560 moderata
894 3497 1134 3573 aliquantisper
1150 3498 1327 3572 consistat,
1344 3497 1402 3559 sed
1413 3497 1565 3573 proximo
1577 3497 1629 3558 die
1642 3496 1870 3572 collapsurum

648 3615 795 3675 humana
817 3612 973 3673 instituta
992 3613 1026 3672 et
1045 3625 1172 3686 mores,
1196 3613 1234 3671 ut
1256 3611 1347 3686 ipsos
1369 3610 1536 3687 homines,
1556 3611 1646 3685 gigni
1665 3613 1700 3670 et
1719 3621 1869 3680 crescere,

649 3741 715 3788 non
744 3741 842 3802 posse
871 3723 1050 3786 artificiose
1081 3723 1208 3786 confici.
1240 3724 1302 3785 Sed
1333 3726 1406 3785 rata
1435 3723 1546 3798 aliquo
1572 3722 1670 3784 modo
1694 3725 1724 3784 si
1746 3721 1872 3799 possent

648 3838 721 3900 fleri
739 3854 823 3913 quae
846 3841 1046 3916 appetuntur
1069 3853 1090 3900 a
1112 3839 1193 3900 viris
1210 3853 1375 3900 novarum
1394 3852 1505 3900 rerum
1525 3837 1699 3914 studiosis,
1720 3836 1872 3899 meliusne

649 3952 734 4014 toret
763 3953 990 4015 mortalibus?
1019 3954 1182 4016 mantne
1209 3952 1388 4030 feliciores,
1416 3953 1446 4012 si
1468 3951 1558 4012 ultro
1581 3952 1768 4027 acciperent
1788 3962 1873 4023 quae·

650 4082 791 4142 cumque
813 4069 955 4143 poscunt
978 4067 1069 4128 ritae
1092 4080 1175 4127 usus
1197 4069 1232 4127 et
1251 4065 1362 4127 cultus
1380 4079 1487 4139 neque
1505 4066 1737 4141 paupertatem
1757 4061 1877 4140 experti

650 4183 812 4242 nossent?

696 4297 791 4358 Hanc
814 4311 902 4357 nunc
923 4296 1154 4371 quaestionem
1179 4294 1244 4357 sibi
1267 4295 1438 4373 proposuit
1460 4295 1617 4356 comicus.

696 4411 807 4486 Magni
827 4411 973 4487 proiecto
996 4411 1158 4471 momenti
1180 4411 1420 4484 quaestionem.
1443 4409 1555 4483 Neque
1577 4408 1714 4469 maioris
1740 4421 1875 4481 unquam

653 4525 816 4587 momenti
846 4539 886 4585 ea
911 4524 1020 4600 potuit
1049 4524 1154 4586 videri
1184 4539 1284 4599 quam
1308 4527 1387 4585 tunc
1410 4523 1564 4598 Athenis,
1590 4521 1645 4583 ubi
1670 4522 1766 4597 egeni
1791 4521 1878 4582 erant

653 4639 787 4716 plurimi
822 4640 855 4699 et
887 4636 928 4698 de
959 4636 1083 4698 auxilio
1118 4637 1245 4699 civibus
1280 4636 1432 4713 inopibus
1464 4636 1593 4712 publice
1623 4635 1757 4697 terendo
1786 4647 1878 4708 saepe

654 4753 895 4830 disputabatur.
927 4753 990 4814 Sed
1022 4767 1087 4814 non
1119 4751 1226 4813 cuivis
1255 4750 1328 4812 loco
1352 4750 1417 4812 tuit
1439 4753 1525 4826 apta.
1550 4751 1578 4809 A
1601 4750 1733 4811 theatro
1755 4747 1878 4823 quidem

655 4884 720 4930 non
751 4870 824 4928 erat
853 4866 974 4943 aliena,
1007 4866 1066 4926 sed
1095 4867 1168 4926 erat
1198 4880 1218 4926 a
1249 4864 1419 4927 comoedia
1447 4863 1701 4940 Aristophaneo.
1733 4861 1881 4923 Felicitas

652 4982 730 5058 quid
749 4982 808 5060 sit,
830 4979 1020 5057 tragoediae
1039 4980 1151 5056 potius
1172 4981 1224 5040 est
1243 4993 1416 5055 quaerere,
1438 4978 1477 5038 ut
1499 4979 1547 5054 et,
1568 4989 1654 5051 quae
1676 4977 1817 5052 cognata
1835 4975 1881 5036 est
