4375 6284
761 969 803 1016 ns
825 969 934 1016 uranu
956 969 1110 1016 raanrnc.
1478 958 1543 1019 965

229 1148 233 1173 ’·
333 1143 481 1218 discipulo
510 1141 701 1205 Callistrato
726 1177 766 1190 -
790 1142 847 1217 qui
876 1142 1070 1205 Aristarcho
1101 1143 1189 1209 haud
1218 1159 1299 1206 sane
1332 1159 1456 1220 suppar
1483 1143 1549 1204 iuit

333 1256 502 1318 eruditione
543 1259 600 1318 aut
642 1257 793 1320 acumine
824 1291 865 1302 -
898 1271 982 1334 quae
1023 1258 1062 1319 de
1103 1259 1255 1323 scenicis.
1296 1258 1351 1320 Sic
1383 1257 1547 1333 Euripidis

333 1371 429 1432 orest.
454 1371 540 1432 1038
563 1371 663 1432 lectio
686 1371 918 1447 Aristophanis
940 1372 1095 1447 Byzantii
1125 1373 1263 1434 eii'ertor
1284 1389 1328 1435 ex
1350 1372 1547 1433 auctoritate

332 1483 504 1546 callistrati
521 1481 554 1556 ι).
585 1485 677 1547 idem
707 1485 742 1546 in
773 1487 900 1548 comico
929 1485 1058 1548 obtinet
1077 1479 1112 1558 ²).
1147 1487 1209 1549 Sed
1240 1503 1282 1549 ex
1315 1474 1555 1562 Aristophanis

331 1595 448 1670 Λὶξεσιν
482 1601 517 1660 et
552 1597 736 1677 Παροιμίοις
771 1602 805 1662 et
833 1597 901 1677 crept
932 1598 1122 1677 Προσώπων,
1151 1600 1305 1677 operibus
1334 1599 1547 1677 praestantis·

331 1712 433 1788 simis,
464 1712 605 1786 aliisque
636 1713 776 1774 minoris
806 1713 954 1774 ambitus
983 1713 1182 1788 leviorisque
1212 1714 1416 1791 argumenti,
1439 1711 1547 1788 qualis

330 1825 387 1887 init
402 1825 486 1888 liber
504 1823 573 1903 περὶ
590 1835 650 1886 τοι
669 1825 834 1906 Ἀθήνησιν
854 1824 1010 1906 ἑταιρίδων
1026 1822 1065 1905 ⁸),
1086 1828 1194 1889 multa
1211 1830 1249 1889 ut
1266 1827 1308 1889 ad
1326 1827 1411 1889 aiios
1430 1828 1546 1903 poetas

330 1939 373 2001 sic
401 1943 434 2002 ot
462 1940 504 2002 ad
536 1941 700 2002 comicum
730 1942 1016 2019 interpretandum
1046 1942 1147 2005 utilia
1172 1943 1361 2019 petiverunt
1383 1956 1547 2018 gramma·

329 2053 380 2115 tici
400 2055 614 2132 recentiores,
640 2071 668 2116 e.
692 2070 723 2130 g.
747 2055 788 2116 ad
810 2055 868 2130 aq.
890 2056 972 2118 796:
1000 2053 1241 2137 ,ραθαιιιιμλζιιν
1263 2055 1297 2118 ιλ
1317 2066 1393 2141 app
1411 2066 1451 2138 :a
1474 2053 1545 2117 ιιαλλ

329 2165 377 2228 ιλν
398 2172 525 2248 μλαιλαον
548 2167 683 2245 ratolfi,
708 2169 795 2230 teste
818 2169 1006 2244 fragmento
1024 2170 1174 2232 Parisino
1193 2178 1253 2231 ιον
1270 2167 1392 2243 Λέξεων
1410 2171 1546 2246 exigno,

330 2281 409 2356 quod
437 2282 542 2344 edidit
571 2281 774 2343 Boissonade
793 2274 834 2356 *λς
865 2297 927 2344 οοο
956 2297 1022 2344 non
1050 2299 1067 2344 e
1090 2286 1347 2360 commentario,
1371 2299 1437 2359 quo
1460 2299 1546 2346 com·

329 2396 442 2470 plexus
471 2400 525 2458 est
553 2413 638 2472 qnae
668 2397 819 2460 addenda
849 2400 883 2460 et
909 2399 1103 2474 corrigenda
1124 2400 1268 2462 habebat
1290 2400 1330 2461 ad
1354 2399 1548 2462 callimachi

330 2507 497 2585 catalogos
531 2511 756 2573 Bibliothecae
789 2511 1035 2574 Alexandrinae
1069 2511 1117 2584 (ιὰ
1146 2512 1223 2591 πρὸς
1252 2512 1323 2586 τοὺς
1352 2513 1548 2592 Καλλιμάχου

330 2621 464 2695 illaesas
492 2624 587 2686 illum
617 2625 738 2686 librum
771 2625 962 2702 inscripsit).
992 2626 1152 2703 Exemplo
1178 2628 1225 2689 sit
1247 2627 1333 2702 quod
1356 2628 1390 2688 in
1413 2627 1550 2689 scholiis

328 2736 364 2796 ad
388 2736 468 2799 Nub.
495 2739 557 2800 967
583 2737 744 2814 legimus:
771 2739 894 2814 ,verbs
912 2736 1080 2817 τηλέπορόν
1098 2761 1127 2800 αι
1143 2737 1246 2818 βόαμα
1265 2741 1391 2802 vetusti
1408 2741 1549 2802 alicuius

329 2851 483 2912 carminis
506 2867 580 2913 esse
602 2852 753 2928 initium,
777 2852 836 2914 sed
858 2855 992 2929 poetam
1016 2853 1174 2931 ignorari,
1202 2850 1235 2913 ἐν
1257 2852 1314 2935 μὰρ
1336 2852 1550 2932 ἀαααιιάσμααι

329 2959 359 3022 ἐν
381 2973 416 3048 τῇ
437 2964 626 3050 βιβλιοθήκῃ
649 2966 750 3044 εὑρεῖν
774 2965 996 3046 Ἀριστοφάνη”
1012 2962 1047 3038 ⁶).

368 3078 444 3140 Veri
475 3082 527 3140 est
556 3079 765 3142 simillimum
796 3061 1053 3158 Aristophanem
1083 3081 1283 3157 Byzantium
1312 3082 1455 3158 singuiis
1477 3083 1546 3144 dra·

326 3193 425 3253 matis
457 3195 672 3268 praemisisse
704 3195 843 3257 notitias
877 3195 1108 3273 didascalicos,
1126 3236 1130 3244 ·
1151 3211 1236 3271 quas
1269 3196 1447 3273 praebebat
1477 3196 1546 3258 Ari·

326 3306 454 3368 stotelis
475 3323 558 3383 opus
581 3306 616 3367 ai
633 3307 850 3386 Διδασκαλίαι,
866 3323 1078 3384 quaecunque
1098 3311 1137 3372 de
1156 3310 1395 3372 certaminibus
1409 3310 1547 3386 poeticis

327 3435 342 3480 e
374 3422 602 3484 monumentis
642 3420 782 3497 publicis
822 3423 900 3484 sciri
941 3426 1098 3499 poterant
1131 3425 1343 3500 complexum
1366 3416 1409 3498 ⁸);
1444 3424 1547 3486 etiam

323 3548 422 3608 opera
444 3535 665 3612 Theophrasti
687 3533 767 3616 (περὶ
790 3536 980 3623 Κωμῳδίας),
1001 3539 1197 3613 Hieronymi
1215 3537 1335 3599 Rhodii
1353 3534 1433 3616 (περὶ
1450 3537 1548 3614 Παιιμ

323 3653 402 3724 ιον),
425 3649 580 3712 Herodici
602 3649 874 3736 (Καμμδαύμινα),
901 3651 1108 3730 Dicaearchi,
1132 3652 1364 3715 Eratosthenis
1386 3651 1548 3727 quaedam

324 3762 479 3837 praebere
509 3767 700 3843 potuerunt,
732 3781 795 3828 nec
814 3765 951 3826 dubium
975 3768 1054 3842 quin
1077 3767 1300 3842 praebuerint.
1324 3767 1378 3827 Sic
1400 3765 1547 3827 Dicaear-

325 3877 405 3938 chus
435 3879 632 3940 nominatim
664 3882 948 3942 commemoratur
978 3881 1012 3941 in
1036 3882 1243 3956 Argumento
1266 3881 1451 3954 Benacum,
1475 3879 1551 3940 lira·

324 3991 497 4054 tosthenes
519 3992 554 4053 in
577 3992 673 4054 Pacis
685 3985 719 4065 ⁷).

364 4105 524 4168 Fortasse
553 4105 655 4168 etiam
686 4107 871 4169 summaria
895 4107 1009 4169 brevia
1031 4107 1156 4170 addidit
1180 4107 1420 4184 Aristophanes
1441 4122 1549 4183 gram·

322 4220 481 4298 maticus,
525 4235 609 4296 quae
651 4221 842 4297 argumenti
876 4221 1137 4300 expositionem,
1172 4223 1299 4299 locum,
1329 4236 1547 4298 personarum

354 4473 750 4540 ¹)1demigltnrststnondnm
768 4478 802 4527 de
819 4478 939 4528 uorsibus
957 4481 1015 4538 189,
1033 4481 1090 4537 718,
1110 4480 1239 4556 179701.
1257 4480 1336 4529 etiam
1354 4480 1433 4540 nipp.
1453 4479 1510 4528 177.

352 4553 374 4620 ¹)
392 4558 435 4607 Oi.
451 4559 536 4608 schol.
553 4559 658 4607 Thoana.
676 4560 734 4607 917.

352 4633 375 4700 Ι)
391 4635 434 4685 ct.
450 4638 532 4687 schol.
550 4635 620 4686 Plut.
640 4639 696 4686 179.

352 4715 373 4777 ⁴)
391 4717 434 4766 Oi.
451 4719 542 4768 Nauck
559 4718 691 4779 Aristopb.
708 4731 735 4780 p.
752 4719 793 4768 ⁸0.

352 4794 375 4856 ⁸)
394 4798 437 4846 Gi.
455 4797 535 4846 etism
552 4797 634 4846 schol.
652 4799 758 4847 Thsum.
779 4800 812 4847 89
829 4794 866 4860 (in
885 4797 988 4857 Proles.
1007 4799 1113 4848 Thesm.
1129 4814 1156 4861 p.
1173 4800 1214 4847 111
1231 4797 1292 4859 sp).

352 4874 374 4938 ⁸)
390 4877 433 4926 De
452 4879 623 4933 didascalicae
638 4882 699 4939 post
714 4878 898 4927 drachonum
916 4879 950 4926 ad
965 4879 1060 4927 Athon.
1078 4881 1213 4929 los-aot
1231 4877 1455 4941 egeruntuoooth
1465 4876 1548 4926 oid.

319 4958 333 5006 1
350 4961 400 5007 dbb
419 4959 512 5007 Bnnhs
529 4958 589 5006 Vite
606 4955 740 5020 Aristoph.
757 4971 783 5019 p.
802 4957 926 5007 dxxxn.

352 5036 375 5103 ²)
392 5039 436 5088 ot.
454 5036 535 5087 otiam
551 5038 615 5088 Bam
634 5039 708 5087 1026.
