4375 6284
757 895 836 940 vrrs
858 896 898 940 sn
920 896 1089 942 ornamus.
1494 881 1535 939 91

358 1069 471 1142 Itaque
501 1069 555 1130 hic
583 1082 725 1142 quoque,
757 1068 795 1126 ut
824 1066 859 1127 ln
888 1067 1139 1140 quaestionibus
1165 1067 1205 1128 ad
1229 1068 1439 1128 iuventutem
1464 1064 1537 1125 edu·

324 1181 450 1241 modam
480 1183 514 1242 et
544 1178 758 1241 erudiendam
793 1180 1050 1256 pertinentibus,
1082 1181 1229 1242 comicus
1264 1178 1429 1240 concurrit
1463 1192 1538 1238 cum

323 1294 383 1354 viro
399 1294 459 1356 illo
478 1293 739 1371 sapientissimo,
761 1306 860 1366 quem
880 1293 981 1354 nimio
1001 1297 1154 1370 proterve
1173 1294 1252 1356 olim
1270 1294 1403 1369 riserat,
1424 1294 1538 1369 utpote

321 1407 512 1469 ardelionem
526 1421 690 1469 vesanum
711 1408 745 1466 et
764 1405 892 1481 publico
912 1408 1086 1469 commodo
1105 1408 1434 1483 periculosissimum.
1454 1405 1538 1466 llam

320 1520 350 1578 in
377 1521 447 1582 rita
481 1520 605 1581 civium
638 1519 894 1581 Atheniensium
928 1520 1122 1581 mulieribus
1152 1520 1261 1582 locum
1296 1535 1393 1582 suum
1427 1519 1539 1594 inique

320 1631 482 1709 denegari,
515 1632 610 1706 quasi
636 1631 798 1705 sequioris
820 1646 922 1705 quam
947 1632 1008 1692 viri
1031 1636 1145 1694 essent
1167 1633 1301 1710 indolis,
1325 1633 1540 1709 dignissimas

321 1750 427 1806 autem
458 1761 533 1807 esse
563 1744 681 1819 quibus
711 1743 785 1820 plus
816 1743 1020 1806 tribueretur
1053 1746 1157 1807 studii
1188 1749 1286 1821 atque
1317 1761 1429 1823 curae,
1459 1761 1538 1807 nam

319 1874 413 1933 penes
436 1858 512 1920 illas
535 1874 609 1920 esse
632 1874 726 1935 spem
749 1858 872 1918 aetatis
896 1857 1039 1935 futurae,
1060 1859 1094 1942 in
1114 1859 1260 1921 (leterius
1275 1876 1354 1922 vero
1378 1862 1539 1922 ruituram

319 1988 384 2032 rem
414 1971 583 2049 publicam
613 1971 677 2033 nisi
708 1972 867 2032 mulieres
889 1971 994 2049 pluris
1016 1970 1133 2034 tierent
1156 1978 1189 2035 et
1212 1973 1331 2035 melius
1354 1973 1538 2035 excoleren-

317 2089 376 2162 tur,
412 2119 454 2130 -
490 2101 530 2146 ea
563 2085 676 2147 omnia
706 2085 945 2160 Aristophanes
978 2100 1042 2147 non
1077 2087 1171 2160 gravi
1205 2102 1285 2148 sane
1320 2101 1473 2148 sermone
1505 2090 1540 2148 et

316 2199 599 2273 argumentatione
629 2201 700 2259 arte
730 2198 919 2260 cohaerenti
949 2198 1205 2277 demonstravit,
1234 2202 1271 2260 ut
1292 2200 1458 2276 Socrates,
1481 2200 1541 2260 sed

316 2312 411 2385 probe
441 2315 479 2373 ιιι
507 2310 563 2372 ille
592 2312 712 2388 sensit,
745 2326 851 2385 neque
882 2313 1052 2374 immerito
1082 2312 1236 2389 petulans
1259 2313 1313 2374 hic
1335 2313 1539 2374 sanctlsslmi

315 2425 498 2501 philosophi
529 2425 643 2486 irrisor
666 2441 686 2486 a
708 2424 847 2486 Platone
877 2425 997 2500 dignus
1020 2431 1070 2487 est
1094 2425 1228 2488 habitus
1251 2426 1306 2500 qui
1328 2427 1391 2503 ipsi
1414 2426 1542 2488 Socrati

316 2538 488 2611 proximus
509 2537 675 2600 adiaceret
700 2538 735 2598 ln
759 2537 944 2613 agathonis
967 2539 1119 2600 convivio
1144 2542 1176 2600 et
1198 2553 1255 2615 per
1275 2554 1385 2600 seram
1409 2540 1540 2601 noctem

316 2666 389 2712 cum
414 2666 454 2712 eo
476 2652 672 2727 disputaret.
695 2650 735 2712 lit
753 2650 899 2712 tabulam
920 2652 1122 2726 exquisitam
1142 2653 1172 2714 si
1192 2651 1307 2713 tribuit
1327 2653 1437 2727 Plato,
1457 2666 1540 2726 quaa

317 2768 367 2826 est
401 2766 442 2826 de
476 2764 611 2826 homino
644 2765 790 2841 perlecto
824 2765 918 2841 olim,
954 2765 1028 2827 dein
1063 2781 1083 2826 a
1113 2766 1191 2827 Iove
1223 2765 1375 2842 discisso,
1408 2766 1540 2840 iamque

315 2879 462 2953 inquieto
484 2893 542 2954 per
565 2878 671 2939 vitam
695 2878 855 2954 versanti,
881 2893 922 2938 an
946 2877 1086 2939 alteram
1110 2879 1163 2939 sul
1185 2883 1315 2954 partem
1339 2879 1488 2940 inveniat
1509 2883 1543 2940 et

313 3006 388 3052 cum
414 3005 454 3052 ea
474 2991 670 3053 coniunctus
692 2991 858 3066 perlectus
881 2990 940 3052 flat
963 2991 1078 3052 denuo.

449 3104 574 3181 ‚Quem
597 3105 769 3180 geminum
792 3105 920 3181 peperit
942 3107 1075 3181 natura,
1101 3104 1188 3166 hunc
1211 3120 1329 3182 aspera
1350 3105 1422 3167 fata

448 3218 641 3294 ,Dirulsere
664 3217 851 3279 hominem:
872 3233 961 3279 nunc
984 3218 1178 3280 dimidiatus
1200 3218 1372 3281 oberrat:”
1397 3253 1436 3263 -

312 3331 397 3392 hanc
430 3332 647 3408 sententiam,
679 3346 763 3406 quae
793 3346 896 3393 sexus
921 3331 1093 3394 muliebris
1121 3334 1220 3394 decus
1251 3336 1350 3408 atque
1381 3333 1539 3394 honorem

311 3444 482 3520 splendide
514 3445 715 3507 vindicantis
745 3447 810 3522 eat,
844 3444 884 3507 ab
915 3445 1138 3523 Aristophane
1161 3449 1257 3523 poeta
1281 3447 1407 3510 comico
1431 3462 1540 3508 coram

310 3558 447 3620 Socrate
470 3559 612 3635 proferri
636 3563 669 3620 et
689 3558 818 3621 delendi
841 3557 941 3620 finxit
962 3559 1069 3620 Plato.

910 3924 948 3986 V.

351 4124 447 4188 Duas
467 4127 599 4189 tabulas
620 4143 706 4189 anno
730 4123 806 4203 411,
831 4129 904 4202 post
926 4126 1054 4188 cladem
1074 4127 1220 4190 Siculam
1237 4131 1397 4207 secundo,
1422 4145 1540 4192 scenae

309 4241 484 4302 commisit
507 4241 668 4318 comicus,
692 4241 859 4302 incertum
883 4256 947 4314 quo
971 4244 1104 4302 eventu.
1125 4243 1236 4304 Mense
1255 4245 1344 4305 enim
1365 4243 1542 4305 Februario

308 4352 454 4414 Lenaeis
487 4357 563 4416 acta
597 4357 649 4415 est
686 4353 864 4431 Iasebtrcto
902 4354 974 4414 sive
1012 4352 1235 4433 Pacificatrix,
1275 4372 1391 4418 mense
1423 4357 1541 4417 Martio

309 4467 445 4543 Magnis
480 4469 688 4530 Liberalibus
727 4467 1060 4544 ilumcptoriocuecc
1090 4471 1162 4533 sive
1193 4471 1344 4532 Mulieres
1374 4472 1540 4532 Bonorum

308 4582 451 4644 dearum
479 4583 657 4646 sollemnia
679 4582 894 4645 celebrantes.
917 4582 1066 4658 Utraque
1089 4584 1201 4646 sabula
1224 4587 1321 4662 poeta
1346 4585 1469 4646 Avium
1493 4586 1545 4646 est

309 4694 490 4774 condigna,
514 4697 651 4758 maioris
674 4699 787 4757 tamen
811 4696 975 4757 momenti
999 4699 1052 4757 est
1073 4698 1172 4773 prior.

353 4807 460 4870 cuius
494 4825 616 4872 nomen
647 4811 836 4885 argumenti
867 4812 918 4871 est
953 4810 1069 4886 instar,
1101 4826 1217 4887 pacem
1248 4811 1338 4872 enim
1371 4811 1544 4873 indicata

310 4921 457 4984 muliere
478 4923 700 4986 conciliatam.
