4375 6284
425 2004 495 2082 De
519 2005 685 2080 metris
709 2003 772 2081 ab
795 1997 1121 2094 Aristophane
1146 1992 1378 2072 adhibitis
1396 1993 1431 2081 ¹).

664 2510 736 2585 91.
758 2508 812 2569 De
834 2507 972 2569 lambis
991 2505 1192 2567 trimetris.

360 2718 524 2781 'l'rimeter
547 2720 694 2781 comicus
716 2734 904 2781 sermonem
926 2718 1155 2793 quotidianum
1175 2717 1335 2778 imitatur.
1354 2715 1456 2776 Metro
1475 2712 1540 2787 qui·

319 2833 391 2893 dem
414 2833 574 2894 adstricta
597 2836 675 2895 sunt
697 2833 810 2909 verba,
829 2835 862 2895 et
881 2835 953 2895 arte
971 2832 1117 2908 proiecto
1135 2830 1353 2892 subtilissima
1370 2828 1542 2901 adstricta,

318 2945 373 3006 sed
407 2961 448 3007 eo
480 2947 677 3023 praesertlm
712 2947 818 3008 tendit
851 2946 932 3007 baec
966 2960 1021 3006 ars
1050 2948 1088 3006 ut
1117 2944 1227 3006 latitet
1255 2944 1426 3020 ipsamque
1454 2940 1543 3002 vitae
1614 2970 1616 2977 2

319 3061 506 3122 communis
536 3061 714 3123 dictionem
746 3094 787 3107 -
819 3076 898 3123 llam
925 3056 941 3120 ὃ
965 3058 1075 3138 ἴαμβος
1098 3057 1174 3137 αὐτή
1198 3054 1276 3119 ἔστιν
1299 3054 1319 3136 ἡ
1341 3055 1418 3131 λέξις
1440 3052 1460 3134 ἡ
1483 3064 1543 3117 τῶν

316 3169 475 3240 rouov‘l
512 3208 553 3219 -
584 3175 707 3238 reierro
737 3175 895 3250 videatur,
929 3174 1030 3235 nullis
1059 3173 1125 3235 nisi
1154 3188 1238 3247 quas
1266 3173 1386 3233 natura
1413 3172 1545 3247 scripsit

316 3285 446 3362 legibus
469 3286 766 3365 obtemperantem.

357 3400 501 3463 llultum
530 3402 641 3479 igitur,
673 3404 712 3464 ut
740 3402 1025 3464 interdictionem
1048 3400 1216 3475 socratam
1239 3400 1274 3461 ei
1297 3398 1542 3476 cothurnatam,

315 3513 361 3575 sic
390 3515 481 3576 inber
511 3514 601 3592 ipsos
630 3531 787 3578 numeros
816 3516 1043 3578 trimetrorum
1066 3514 1266 3577 comicorum
1290 3515 1323 3575 et
1345 3512 1543 3588 tragicorum

315 3630 466 3691 interest.
503 3629 593 3707 Quod
628 3633 788 3706 quantum
824 3631 869 3693 sil
898 3630 1093 3707 discrimen,
1122 3627 1317 3704 praesertim
1347 3628 1482 3703 apparet
1511 3626 1545 3686 in

315 3744 437 3818 pedum
462 3745 713 3821 trisyllaborum
737 3760 810 3807 usu.
833 3744 881 3806 De
902 3745 955 3805 bis
976 3744 1078 3821 igitur
1101 3742 1245 3806 breviter
1267 3740 1511 3815 disputandum.

346 3998 367 4066 ¹)
382 4002 416 4051 In
431 4004 484 4052 hoo
500 4004 714 4052 commentariolo
731 4003 849 4052 adbibita
865 4006 929 4052 sunt
943 4003 1018 4063 signa
1036 4015 1104 4064 quae
1121 4002 1280 4061 mutantur:

454 4084 464 4119 Ι
494 4082 578 4133 istum
594 4084 733 4132 melrioum
749 4082 858 4132 indicat.
879 4080 882 4085 ’

447 4188 468 4214 υ
499 4174 626 4234 syllabam
642 4174 748 4221 brevem
765 4174 821 4221 slva
838 4171 919 4223 onius
935 4186 1036 4223 moras.

447 4296 465 4304 -
498 4263 625 4324 syllabam
640 4264 746 4323 longam
764 4263 819 4310 slve
836 4262 947 4312 duarum
964 4274 1106 4311 morarum.

426 4355 466 4394 l-
499 4352 627 4413 syllabam
643 4348 725 4399 arium
739 4362 881 4399 morarum.

426 4442 466 4482 1.]
499 4440 628 4501 syllabam
644 4441 757 4499 quatuor
774 4450 919 4487 morarum.

426 4532 467 4572 m
499 4529 627 4590 syllabam
643 4528 761 4588 quinquo
778 4539 921 4575 morarum.

447 4628 466 4660 Λ
500 4615 634 4666 silentium
651 4630 699 4677 per
714 4616 793 4663 unios
810 4628 899 4663 moras
916 4613 1097 4662 intervallum.

446 4706 467 4749 Χ
499 4707 633 4756 silentium
651 4703 827 4766 porcinarum
845 4717 978 4753 morarum
996 4702 1175 4751 intervallum.

428 4796 466 4858 ιχ
499 4794 633 4843 silentium
650 4806 699 4853 par
715 4792 794 4840 crium
814 4804 949 4842 morarum
967 4790 1146 4839 mtervallom.

424 4902 467 4929 υυ
498 4882 599 4931 indicat
624 4880 741 4941 syllabas
765 4880 832 4928 duas
856 4881 916 4928 looo
936 4880 1015 4927 unlus
1037 4892 1095 4927 osse
1119 4874 1264 4933 adhibitam
1290 4890 1313 4925 s.
1336 4890 1361 4937 g.
1385 4891 1400 4926 e
1422 4879 1546 4929 lroobaso

525 4972 556 5020 bl
571 4969 720 5029 tribrachys
741 4970 812 5026 ύυυ,
828 4982 860 5017 ex
876 4964 965 5015 iambo
982 4963 1131 5027 tribrachys
1152 4967 1214 5009 υύυ
1235 4962 1277 5015 rol
1293 4970 1452 5027 anapaestus
1473 4978 1544 5013 wa.

343 5058 1174 5129 &Arist-libricolssbshot.willermum.
