4375 6284
671 942 735 1002 290
1107 961 1149 1004 nn
1172 957 1279 1004 rnxru
1303 960 1456 1005 recurro.

668 1131 774 1192 altera
796 1145 913 1190 versus
936 1145 1013 1206 pars
1035 1131 1143 1206 periit.
1168 1131 1256 1207 Quae
1278 1131 1423 1192 fortasse
1445 1132 1495 1193 sic
1518 1133 1699 1208 explenda:

1336 1245 1387 1305 δεῖ
1404 1243 1443 1322 δὴ
1465 1245 1540 1306 νυνί
1561 1262 1594 1306 σε
1616 1248 1760 1326 γενέσθαι

672 1355 716 1422 <ἐ
724 1380 742 1417 ν
764 1362 870 1418 τοῖσι
891 1356 1024 1437 λόγοις
1047 1356 1244 1436 κομψήν,>
1271 1358 1387 1437 δεινήν,
1409 1359 1534 1438 σεμνήν,
1552 1357 1682 1440 άγανήν,
1698 1361 1873 1440 πολύπειρον.

710 1661 864 1722 Necnon
886 1661 941 1721 hic
964 1660 1247 1723 commemorandi
1269 1664 1350 1722 sunt
1371 1661 1464 1724 locus
1486 1677 1574 1722 unus
1597 1665 1632 1724 et
1648 1662 1744 1739 alter,
1763 1661 1815 1722 ubi
1831 1662 1874 1722 bis

665 1775 780 1837 eadem
804 1774 906 1836 verba
928 1774 1097 1852 leguntur.

708 1890 784 1951 Pac.
811 1890 849 1951 17
870 1904 920 1964 sq.
944 1889 1033 1951 servi
1056 1889 1105 1950 ita
1128 1888 1401 1950 confabulantur:

843 2007 881 2062 A.
926 2000 983 2064 οὖν
1062 1996 1107 2063 ἔθ’
1133 1995 1196 2074 οἷός
1219 1996 1241 2062 τ’
1266 1996 1319 2080 εἴμ’
1345 1999 1502 2081 ὑπερέχειν
1525 2009 1578 2080 τῆς
1600 2000 1773 2076 άνιλάας.

842 2118 875 2176 Β.
920 2114 1018 2193 αὐτὴν
1040 2111 1084 2196 ἄρ’
1111 2115 1184 2178 ολσω
1207 2113 1365 2195 ξυλλαβὼν
1389 2113 1445 2194 τὴν
1468 2113 1641 2177 ἀντλίαν.

709 2229 842 2291 Sentim
865 2231 1020 2305 quoniam
1043 2231 1156 2305 nequii
1179 2231 1309 2307 corripi,
1332 2232 1426 2306 patet
1445 2247 1463 2293 e
1482 2246 1581 2292 versu
1598 2232 1754 2308 proximo
1774 2244 1881 2292 vorem

663 2360 737 2407 esse
756 2345 944 2420 repetitum.
962 2344 1097 2406 Lacuna
1114 2345 1217 2420 igitur
1234 2345 1422 2421 indicanda,
1442 2360 1526 2419 quae
1542 2346 1593 2406 slc
1603 2347 1716 2422 polest
1727 2345 1882 2422 suppleri:

841 2456 937 2535 αὐτὴν
959 2452 1004 2538 ἄρ’
1030 2457 1102 2518 οἴσω
1124 2457 1281 2537 ξυλλαβὼν
1304 2456 1358 2533 τὴν
1385 2458 1676 2539 (κάρδοπον).

706 2574 808 2649 quue
838 2573 960 2648 legisse
991 2573 1123 2634 videtur
1145 2574 1257 2649 quiin
1280 2573 1419 2636 scholiis
1442 2574 1592 2650 scripsit:
1618 2571 1707 2650 ,ἀντὶ
1729 2582 1786 2634 τοῦ
1807 2572 1882 2632 ozri-
1970 2552 1971 2609 ἶ

662 2711 749 2766 φην.
773 2695 865 2747 ταῦτα
888 2682 920 2746 δὲ
944 2685 1036 2746 εἰπὼν
1059 2684 1223 2765 προσφέρει
1245 2685 1285 2748 τὸ
1307 2685 1470 2766 ἀγγεῖον
1494 2684 1527 2747 ἐν
1551 2681 1575 2770 ᾧ
1597 2685 1732 2768 ἒφάρα”.

706 2803 792 2864 Plub.
818 2801 903 2862 1128
927 2815 997 2875 sqq.
1023 2802 1175 2863 Mercurii
1198 2802 1278 2862 sunl
1301 2801 1465 2864 clamores
1488 2799 1661 2876 lugubres:

839 2913 921 2991 οἴμοι
943 2909 976 2973 (λλ
999 2917 1095 2991 κωλῆς
1118 2909 1165 2991 ἣν
1188 2911 1260 2992 ἐγὼ
1284 2911 1532 2991 κατ’ήσθιονλ

662 3036 696 3092 ab
719 3047 785 3092 uno
809 3045 907 3091 versu
930 3027 1142 3090 intermisso:
1260 3063 1267 3078 ·

838 3142 1017 3220 σπλάγχνων
1039 3163 1069 3202 τε
1090 3147 1216 3220 θερμῶν
1240 3132 1291 3201 ὧν
1313 3138 1386 3220 ἐγὼ
1409 3140 1653 3218 κατήσθιον]

658 3261 723 3323 Ubi
752 3260 830 3335 quin
860 3258 1019 3334 librariis,
1044 3272 1109 3318 non
1133 3257 1259 3319 comico
1282 3255 1463 3318 debeantur
1485 3255 1586 3317 verba
1607 3256 1732 3320 iterata
1754 3256 1885 3319 dubium

658 3391 724 3437 non
758 3375 899 3436 videtur.
924 3373 1006 3433 Sunt
1030 3372 1200 3432 tamenin
1224 3370 1293 3431 VR
1309 3365 1331 3440 ¹)
1355 3369 1486 3432 celeris.
1509 3372 1579 3431 Aut
1598 3371 1707 3446 priore
1731 3372 1809 3434 loco
1830 3370 1887 3448 pri·

657 3488 763 3549 miius
785 3487 950 3549 eiusmodi
973 3488 1050 3562 quid
1073 3486 1178 3547 fuisse
1202 3485 1351 3547 videtur:

836 3597 918 3675 οἴμοι
941 3593 974 3658 δὲ
996 3601 1094 3675 κωλῆς
1121 3607 1223 3676 (τῆς
1247 3595 1335 3676 ἐμοὶ
1357 3597 1479 3658 πάλαι
1500 3599 1655 3677 oilae>

657 3716 717 3775 aul
739 3712 940 3789 posteriore:

836 3827 1014 3907 σπλάγχνων
1037 3847 1067 3885 τε
1090 3831 1216 3904 θερμῶν
1238 3815 1282 3885 ὧν
1309 3825 1837 3906 <nurembergensem

701 3941 824 4003 Eadem
844 3955 945 4002 causa
963 3941 1064 4002 nimis
1083 3941 1149 4000 sibi
1168 3939 1298 4001 similes
1309 3939 1388 4001 iecit
1400 3956 1520 4002 versus
1531 3941 1658 4002 vicinos
1669 3939 1816 4003 Thesm.
1829 3939 1889 4001 260

657 4057 693 4118 et
715 4055 797 4118 263:

835 4175 873 4230 A.
918 4162 968 4251 ἆρ’
996 4165 1162 4250 ἁρμόσει
1184 4188 1265 4246 μοις
1354 4169 1388 4226 Β.
1433 4165 1473 4244 νὴ
1496 4162 1549 4227 Al‘
1574 4165 1693 4230 πολ...

834 4291 871 4345 A.
917 4277 968 4364 ἆρ’
995 4279 1162 4363 ἆρμάσει
1184 4303 1264 4359 μοι;
1287 4278 1402 4361 χαλαρὰ
1425 4289 1502 4360 γοῦν
1525 4279 1583 4342 acb.

657 4400 802 4478 Quorum
825 4400 971 4475 priorem
995 4396 1116 4458 vibium
1139 4396 1347 4458 contraxisse
1370 4398 1455 4457 satis
1478 4397 1573 4458 docet
1596 4401 1797 4461 conterius.

699 4515 767 4576 Nec
790 4529 856 4576 non
880 4528 945 4574 vox
970 4516 1163 4573 monstrosa
1185 4512 1387 4572 Ἀιιιιαναοί
1403 4510 1478 4572 Pac.
1499 4511 1565 4572 215
1584 4511 1663 4572 hinc
1680 4511 1893 4585 duxitoriei·

655 4645 743 4691 nem.
768 4628 836 4704 Quo
858 4628 931 4689 loco
954 4627 1136 4688 Mercurius
1158 4625 1300 4688 Graecos
1319 4625 1494 4701 increpans
1513 4625 1626 4686 bellare
1642 4627 1692 4687 ait
1711 4625 1893 4700 mouban,

655 4745 720 4806 licet
743 4743 789 4806 dii
805 4758 920 4820 pacem
943 4741 1153 4819 conciliarent,

692 5054 711 5108 λ)
725 5055 755 5102 In
769 5053 791 5101 B
806 5063 896 5100 versus
911 5051 975 5097 uua
991 5063 1030 5108 eq.
1041 5048 1185 5109 proplerrb
1195 5048 1441 5106 δμαοιὸλνιπονεσσλ
1450 5045 1894 5112 οωλιλ,ᾱοίοἰαωιιςὶωουλᾶλλί
