4375 6284
744 918 823 964 vira
846 919 886 964 H
908 913 1078 962 ormisda.

499 1090 600 1166 ,Quis
624 1090 716 1151 novit
738 1105 780 1151 an
803 1088 889 1152 mori
912 1088 958 1150 sit
980 1088 1043 1149 hoc
1065 1085 1151 1160 quod
1177 1085 1339 1161 vivimus,

498 1204 561 1280 ,lit
583 1204 657 1280 ipsa
680 1218 771 1264 mors
795 1203 867 1263 vita
890 1216 932 1263 an
955 1199 1119 1262 habeatur
1141 1198 1258 1260 inieris
1266 1198 1304 1258 ?'’

317 1351 349 1361 -
369 1318 446 1380 baec
474 1331 603 1393 quoque
634 1316 735 1378 verba
765 1315 1009 1391 Aristophanes
1038 1312 1212 1390 perinepta
1236 1312 1294 1372 sut
1317 1311 1446 1374 censuit
1468 1314 1527 1372 aut

313 1431 470 1494 simulavit
499 1446 536 1493 se
560 1445 710 1506 censere;
741 1430 800 1492 sed
822 1443 939 1491 revera
963 1427 1133 1490 censuisse
1157 1425 1295 1488 videtur.
1319 1425 1399 1487 Plus
1421 1426 1523 1488 semel

312 1559 345 1605 ea
364 1545 444 1622 risit,
469 1548 504 1607 et
526 1544 560 1606 in
584 1545 752 1606 Ranarnm
771 1542 904 1606 tabulae
927 1541 1022 1604 exitu
1045 1556 1122 1603 cum
1142 1540 1264 1605 chorus
1282 1539 1524 1616 spectatoribus

312 1659 365 1720 boc
385 1660 511 1721 oanheo
536 1658 708 1720 valedicit:

654 1772 810 1850 ,Placeat
831 1772 920 1834 haud
944 1785 1021 1833 enm
1044 1770 1180 1833 Socrate

654 1887 791 1963 ,Serere
813 1885 957 1962 ineptias
980 1883 1099 1960 quibus

654 2001 793 2077 ,Pereat
816 1999 928 2062 omnis
949 1999 1093 2076 musica,

609 2115 748 2191 ,Pereat
770 2128 869 2175 omne
892 2112 993 2174 decus
1015 2127 1195 2175 amoenum

652 2226 798 2305 ,Dulcis
827 2226 907 2302 heu,
931 2224 1131 2300 tragoediae.

652 2340 827 2416 ,Hominis
850 2338 932 2401 illud
954 2338 1079 2401 mentis
1102 2342 1154 2401 est

608 2454 764 2531 ,Debills,
789 2453 824 2514 in
847 2453 945 2529 nugis
968 2451 1098 2515 canoris

608 2568 714 2644 ,Nihil
740 2569 909 2644 agentem,
936 2565 1161 2644 disputantem

720 2682 860 2759 ,Terere
882 2683 1015 2757 tempus
1039 2681 1135 2743 aevi”

307 2829 339 2838 -
362 2796 592 2859 huiuscemodi
621 2796 835 2872 potissimum
857 2795 981 2871 cogitat
1002 2793 1168 2870 Euripidis
1191 2796 1377 2856 sententias
1400 2795 1525 2872 inepte,

303 2913 336 2970 ut
356 2911 536 2973 arbitratur
558 2910 716 2986 comicus,
741 2909 1019 2987 philosophantis.
1043 2907 1144 2970 Nobis
1166 2924 1245 2970 vero
1265 2913 1363 2986 poeia
1381 2910 1528 2990 tragicus

303 3037 409 3086 secum
432 3023 628 3100 colluctans,
652 3023 731 3084 dum
758 3023 849 3084 vitae
871 3021 1055 3098 monitaque
1077 3021 1277 3097 aenigmatis
1300 3023 1433 3099 angitur
1454 3039 1523 3100 psc-

303 3141 363 3215 tus,
376 3171 417 3182 -
430 3152 508 3201 nam
527 3139 599 3214 ipse
614 3136 762 3214 proiecto
780 3136 953 3210 Euripides
970 3135 1024 3197 hic
1042 3136 1198 3213 loquitur,
1213 3136 1520 3212 -haudquaquam

306 3251 425 3314 ridetur
459 3252 579 3328 dignus
612 3251 669 3325 qui
702 3266 722 3312 a
757 3249 883 3312 comico
913 3248 970 3311 illo
1002 3249 1148 3325 Dionyso
1181 3249 1342 3311 habeatur
1371 3250 1522 3314 ludibrio.

303 3364 389 3426 ialin
410 3364 511 3429 verba
533 3365 632 3427 rideri
654 3379 721 3427 non
741 3363 913 3426 debebant.
934 3363 1127 3424 salsissime
1145 3379 1226 3425 sane
1245 3363 1285 3425 ab
1305 3365 1525 3440 Aristophane

303 3480 374 3540 sunt
393 3479 517 3557 derisa,
542 3480 576 3539 et
598 3479 677 3541 dum
697 3478 859 3555 ridemus,
884 3478 1104 3555 indignationi
1127 3479 1160 3540 in
1184 3481 1297 3541 mente
1323 3481 1438 3541 nostra
1459 3495 1526 3542 non

304 3596 351 3654 est
381 3595 492 3670 iocus;
527 3594 587 3658 sed
620 3596 755 3671 poetam
790 3595 955 3671 tragicum
985 3594 1196 3671 improbandi
1224 3595 1315 3658 iusta
1345 3609 1445 3655 causa
1474 3594 1527 3656 bic

305 3709 351 3767 est
379 3707 482 3770 nulla.

344 3934 417 3997 illia
439 3935 580 3998 Macarei
603 3951 763 3999 novorum
788 3952 920 3999 morum
944 3937 1120 4014 praeconis
1143 3940 1195 3999 eet
1219 3937 1314 3999 ratio.

499 4050 602 4126 ,Quid
625 4052 736 4128 turpe,
760 4050 816 4126 qui
838 4051 945 4113 iecere
969 4050 1000 4112 si
1021 4065 1086 4112 non
1111 4053 1209 4126 turpe
1231 4050 1400 4112 babent?”

308 4164 438 4238 -quis
468 4166 521 4226 est
550 4164 607 4239 qui
636 4166 801 4242 vituperet
830 4181 884 4226 me
915 4180 992 4227 cum
1023 4179 1135 4227 sorore
1165 4179 1235 4226 rem
1267 4165 1459 4244 habentem,
1496 4169 1525 4230 si

305 4277 379 4350 ipsis
401 4277 497 4341 nobis
520 4278 739 4354 vituperanda
760 4279 827 4340 ista
849 4293 914 4341 non
939 4278 1137 4339 videantur?

343 4391 448 4452 liliam
479 4393 647 4468 Antigona
677 4393 800 4470 spretis
822 4392 998 4455 hominum
1022 4393 1152 4467 legibus
1175 4395 1313 4455 naturae
1337 4409 1453 4456 vocem
1478 4398 1532 4456 est

305 4508 426 4582 secum,
457 4506 516 4567 sed
546 4507 631 4568 recti
660 4508 724 4568 sibi
748 4508 881 4569 conscia
903 4510 1020 4569 secuta
1042 4511 1108 4584 est,
1133 4508 1269 4570 deorum
1293 4509 1393 4570 iussis
1416 4510 1452 4570 ul
1476 4509 1529 4570 ob·

306 4620 501 4694 temperaret
523 4622 650 4696 pectori
678 4622 826 4684 humano
857 4622 969 4684 insitis
992 4625 1026 4684 et
1047 4638 1105 4699 per
1128 4638 1227 4685 omne
1251 4638 1386 4700 aevum,
1410 4638 1475 4686 non
1495 4625 1528 4685 ln

306 4730 398 4793 breve
421 4733 553 4809 aliquod
576 4735 736 4811 temporis
758 4736 1117 4812 spatiumvalentibus.
1142 4738 1312 4799 Macareus
1335 4753 1412 4800 vero
1431 4754 1526 4802 caeco

306 4845 403 4907 animi
443 4847 572 4924 impetu
612 4864 713 4911 ruens
745 4850 779 4911 id
812 4851 890 4913 iecit
922 4851 1009 4926 quod
1044 4849 1114 4912 lieri
1148 4867 1224 4913 cum
1259 4853 1417 4915 mortales
1450 4855 1523 4916 tum

307 4956 508 5024 immortales
529 4966 724 5043 vetuerunt,
746 4965 779 5026 id
803 4967 888 5041 quod
911 4981 1023 5028 rerum
1046 4969 1186 5030 naturae
1208 4982 1274 5030 non
1298 4983 1373 5029 esse
1393 4982 1526 5030 consen·
