4375 6284
643 957 686 1018 26
1159 975 1202 1020 un
1225 977 1350 1023 ronan

643 1143 769 1216 minas,
802 1143 930 1203 tumido
965 1142 1141 1204 verborum
1182 1147 1477 1223 incompositorum
1513 1151 1662 1209 torrente
1695 1146 1773 1207 illuc
1802 1162 1859 1219 quo

643 1255 776 1316 volebat
806 1257 927 1317 civium
959 1255 1092 1317 animos
1121 1257 1300 1332 abripiens.
1328 1261 1454 1321 Probus
1478 1263 1550 1321 erat
1573 1262 1606 1321 et
1629 1259 1729 1320 iortis
1752 1263 1785 1319 et
1805 1258 1859 1318 sibi

642 1371 814 1444 constans,
846 1367 924 1429 sed.
941 1382 1090 1430 ..novus
1113 1375 1185 1432 erat
1207 1373 1323 1447 homo,
1347 1373 1437 1434 nullo
1460 1374 1560 1449 prisci
1583 1372 1730 1433 nominis
1753 1373 1860 1432 decore

642 1483 788 1542 ornatus.
813 1482 875 1542 Hic
897 1482 961 1543 fuit
984 1480 1083 1543 Cleon
1107 1481 1163 1544 ille
1186 1486 1374 1559 negotiator
1396 1485 1579 1560 coriareus,
1604 1486 1659 1558 qui
1681 1485 1774 1546 cives
1793 1483 1860 1544 belli
1951 1469 1954 1480 '

643 1596 813 1656 aerumnis
843 1596 944 1657 mersi
975 1598 1009 1657 et
1037 1596 1231 1671 pestilentia
1259 1601 1464 1660 rarescentes
1493 1600 1530 1659 ut
1553 1600 1718 1672 erigerent
1740 1598 1862 1658 animos

643 1707 763 1784 effecit,
796 1708 903 1784 igneis
927 1709 1038 1769 verbis
1067 1709 1257 1771 stimulans.
1288 1710 1401 1772 Denuo
1432 1712 1481 1772 eis
1509 1711 1679 1786 persuasit
1707 1708 1860 1771 horinon

642 1836 740 1896 posse
768 1823 806 1882 ut
835 1821 991 1883 florerent
1020 1823 1172 1883 Athenae
1194 1823 1261 1896 nisi
1283 1823 1459 1885 debellatis
1480 1823 1645 1884 hostibus.
1669 1823 1863 1885 constanter

644 1934 739 1995 modo
773 1937 1003 2012 expectarent,
1042 1937 1229 2012 superiores
1259 1952 1340 1998 mox
1370 1937 1519 2011 futuros3
1555 1938 1660 1998 maris
1693 1939 1762 1998 lam
1796 1951 1863 1998 esse

643 2049 810 2122 dominos3
841 2050 1066 2111 certissimum
1096 2050 1130 2110 id
1160 2065 1217 2111 eos
1246 2053 1359 2112 tenere
1382 2050 1542 2112 victoriae
1572 2052 1709 2126 pignus3
1733 2051 1862 2111 interim

642 2163 672 2221 si
702 2177 767 2237 qua
797 2163 886 2237 agris
916 2164 1038 2224 Atticis
1069 2165 1192 2224 damna
1218 2178 1238 2224 a
1263 2164 1513 2239 populatoribus
1533 2164 1747 2240 inferrentur,
1772 2163 1863 2224 facile

643 2277 848 2350 compensari
868 2291 965 2351 posse
983 2277 1100 2354 lucris,
1121 2293 1205 2353 quae
1222 2279 1419 2353 praeberent
1436 2282 1627 2340 mercatura
1642 2282 1677 2340 et
1687 2278 1863 2353 navigatio.

687 2389 783 2449 Hunc
820 2390 1077 2452 Alcmaeonidae
1115 2406 1343 2452 successorem
1384 2392 1652 2453 mordacissimis
1685 2391 1768 2453 iocis
1801 2392 1862 2450 iam

644 2502 807 2575 petiturus
836 2505 889 2563 est
918 2507 1017 2579 poeta
1041 2505 1186 2579 iuvenis,
1219 2504 1317 2566 laude
1347 2504 1469 2581 elatus,
1501 2521 1602 2581 quam
1626 2507 1736 2582 prima
1757 2503 1864 2567 tabula

642 2618 728 2692 apud
752 2618 842 2679 cives
863 2617 1005 2694 invenit,
1025 2620 1060 2678 et
1079 2618 1121 2679 ab
1142 2618 1260 2678 amicis
1279 2619 1450 2680 incitatus.
1471 2619 1622 2680 Mortuus
1641 2623 1692 2681 est
1711 2619 1863 2690 Pericles,

643 2732 701 2792 sed
732 2733 850 2791 vivunt
884 2732 987 2792 etiarn
1022 2732 1094 2792 eius
1127 2730 1279 2807 consilia,
1314 2733 1447 2807 iamque
1479 2733 1637 2794 foventur
1670 2733 1705 2793 in
1739 2733 1865 2808 pectore

643 2845 811 2907 latratoris
831 2845 937 2921 illius,
958 2845 1014 2920 qui
1034 2860 1077 2906 ex
1095 2845 1184 2906 olida
1202 2861 1265 2906 sua
1282 2845 1413 2907 officina
1431 2847 1465 2907 in
1484 2848 1680 2921 suggestum
1699 2846 1864 2922 publicum

643 2960 830 3036 provolavit
853 2958 1000 3020 incultus
1023 2961 1057 3020 et
1078 2960 1262 3036 incomtus,
1285 2959 1382 3021 belua
1404 2976 1468 3021 non
1493 2962 1604 3021 homo.

686 3073 812 3146 Nempe
843 3075 936 3132 aetas
967 3073 1124 3135 iuvenilis
1152 3074 1235 3133 nihil
1263 3075 1388 3135 viribus
1414 3076 1486 3136 suis
1507 3077 1618 3136 maius
1639 3075 1748 3136 ducit:
1772 3079 1866 3151 poeta

643 3203 708 3247 non
741 3186 807 3246 iam
841 3185 929 3245 intra
959 3187 1049 3247 vitae
1083 3188 1284 3248 domesticae
1318 3184 1415 3262 lines,
1451 3188 1509 3248 sed
1543 3191 1578 3248 in
1608 3189 1690 3264 ipsis
1720 3189 1865 3249 civitatis

645 3301 793 3373 vitaeque
823 3299 971 3375 publicae
1005 3300 1230 3375 penetralibus
1263 3314 1349 3360 nova
1382 3301 1556 3361 hominum
1590 3302 1715 3378 studia,
1751 3303 1867 3377 priscis

644 3412 790 3473 moribus
809 3415 842 3472 et
860 3413 1028 3473 institutis
1046 3413 1346 3490 perniciosissima,
1367 3415 1520 3475 ostendet
1535 3417 1733 3477 aestuantia.
1755 3416 1866 3477 Osten-

643 3527 698 3586 det
716 3526 904 3586 cuiusmodi
926 3527 994 3587 sint
1016 3527 1102 3587 hona
1124 3527 1182 3587 illa
1201 3543 1305 3602 nuper
1327 3530 1436 3605 parta,
1461 3529 1646 3590 cuiusmodi
1669 3529 1715 3589 sit
1735 3529 1869 3590 libertas

643 3641 713 3716 illa,
734 3654 799 3714 qua
818 3641 852 3699 et
870 3640 934 3714 ipsi
952 3640 1105 3700 fruantur
1123 3640 1346 3701 Athenienses
1362 3641 1396 3700 et
1413 3641 1522 3702 socios
1540 3656 1622 3702 suos
1638 3641 1705 3702 frui
1721 3642 1867 3714 iubeant,

643 3755 729 3815 ferro
764 3753 924 3828 coacturi,
957 3754 985 3812 si
1013 3753 1099 3814 forte
1128 3754 1176 3813 ita
1204 3753 1300 3813 liberi
1331 3768 1405 3814 esse
1435 3755 1549 3815 minus
1578 3756 1725 3830 cupiant.
1756 3757 1869 3816 Nonne

644 3884 746 3944 nuper
777 3882 860 3942 quae
891 3867 1056 3928 deiecerat
1085 3867 1361 3942 Mitylenaeorum
1385 3869 1519 3945 civitas,
1544 3872 1621 3945 post
1644 3884 1783 3930 saevum
1808 3883 1869 3928 cer·

645 3989 756 4043 tamen
780 3981 918 4054 deiecta,
945 3982 1072 4041 excidio
1095 3997 1157 4042 suo
1180 3984 1289 4042 totam
1312 3981 1482 4043 Graeciam
1507 3985 1745 4044 concusserat?
1764 3983 1872 4043 hierus

643 4099 756 4156 autem
787 4109 885 4154 casus
912 4098 993 4154 tunc
1017 4095 1171 4156 effecerat
1195 4099 1232 4156 ut
1255 4095 1434 4156 clementis
1456 4096 1680 4158 Athenienses
1702 4099 1873 4157 uterentur

644 4225 722 4283 erge
744 4208 895 4268 homines
918 4209 1220 4285 pervicacissimos,
1245 4209 1301 4283 qui
1318 4207 1516 4270 heneficium
1535 4210 1676 4271 foederis
1696 4226 1771 4272 cum
1791 4210 1872 4286 ipsis

644 4323 717 4381 initi
749 4321 1011 4396 vilipendissent.
1042 4323 1148 4382 Penes
1180 4320 1334 4384 Cleonem
1362 4322 1392 4382 si
1414 4323 1535 4384 ruisset
1557 4324 1605 4384 rei
1628 4324 1817 4399 arbitrium,
1842 4325 1873 4382 in

644 4449 760 4495 omnes
787 4435 917 4495 adultos
948 4451 1026 4495 ense
1050 4437 1320 4498 animadversum
1345 4438 1435 4498 esset
1457 4437 1634 4511 nullusque
1654 4439 1722 4498 iam
1746 4437 1876 4497 viveret
1962 4510 1963 4519 ἵ

645 4547 862 4622 Mitylenaeus
884 4549 940 4623 qui
965 4549 1119 4624 populare
1141 4550 1396 4611 Atheniensium
1416 4551 1594 4625 imperium
1618 4551 1769 4611 laudibus
1792 4549 1875 4610 cele·
1962 4582 1963 4597 κ

647 4663 740 4722 brare
758 4663 882 4737 posset.
909 4660 1016 4737 Nunc,
1043 4662 1161 4722 ultimo
1185 4664 1273 4722 enim
1298 4663 1459 4738 temporis
1481 4663 1622 4724 articulo
1645 4663 1877 4739 praevaluerat

646 4775 814 4835 sententia
841 4773 963 4850 mitior,
991 4775 1015 4834 ii
1038 4775 1114 4850 soli,
1138 4789 1277 4848 quorum
1300 4775 1434 4850 gravior
1455 4791 1555 4850 quam
1580 4778 1765 4837 ceterorum
1788 4775 1874 4836 vide·
1962 4756 1963 4831 l

650 4888 747 4948 batur
778 4887 887 4963 culpa,
924 4889 1093 4949 interemti
1128 4892 1236 4964 erant,
1273 4889 1392 4949 ceteris
1425 4888 1512 4950 hona
1545 4889 1617 4950 sola
1646 4893 1774 4965 erepta,
1806 4889 1877 4948 vita
1962 4932 1963 4943 ,

650 5001 784 5074 relicta;
814 5002 925 5075 itaque
957 5001 990 5061 in
1020 5001 1092 5061 suis
1122 5003 1178 5076 qui
1199 5002 1334 5064 fuerant
1356 5003 1446 5077 agris
1468 5003 1607 5077 operarii
1630 5004 1708 5076 iam,
1721 5001 1878 5063 vivebant
1962 4974 1963 4989 ¹
