4375 6284
761 964 842 1011 vrrs
864 966 904 1010 xc
928 965 1098 1014 cremnos.
1497 953 1540 1012 45

330 1141 417 1202 ioris”
432 1173 473 1184 -
495 1141 591 1200 extra
614 1139 730 1200 aedem
750 1141 888 1200 senatus
911 1173 947 1182 -
974 1139 1092 1214 ,otiosi
1117 1139 1295 1200 adstabant
1318 1138 1352 1198 lri
1371 1139 1542 1198 homines:

329 1254 467 1314 ridebant
496 1267 551 1313 ma
579 1252 765 1314 mulcatum
797 1253 948 1326 altosque
977 1251 1142 1313 clamores
1172 1252 1340 1326 edentem,
1373 1255 1407 1313 ct
1436 1252 1544 1327 plagis

328 1367 418 1427 elisus
448 1382 491 1427 an
517 1381 641 1427 novum
665 1364 811 1440 aliquem
834 1367 944 1428 iocum
969 1367 1155 1427 emissurus
1178 1382 1286 1428 essem
1310 1367 1540 1442 expectabant.

329 1480 461 1556 Quorum
487 1494 565 1555 erga
587 1495 641 1540 mo
665 1480 815 1540 animum
841 1495 916 1540 curn
940 1480 1040 1556 probo
1064 1482 1232 1556 perspexi,
1256 1481 1401 1542 inimicis
1424 1496 1462 1541 os
1485 1480 1541 1541 ali·

327 1594 515 1666 quantulum
540 1593 650 1654 oblevi
674 1592 816 1667 omrciis,
841 1594 975 1668 iamque
998 1593 1128 1670 decepit
1151 1595 1255 1657 ridica
1276 1593 1403 1655 vitem”
1430 1589 1459 1664 ¹).

364 1709 485 1771 Ridens
515 1707 562 1767 sic
593 1707 740 1782 loquitur
769 1717 868 1782 poeta
892 1710 926 1768 ot
949 1706 1073 1770 ludicre
1097 1707 1275 1769 admodum
1300 1723 1354 1769 res
1376 1708 1410 1769 in
1434 1709 1543 1769 maius

327 1837 460 1896 augens3
485 1835 550 1882 uon
564 1821 653 1881 anim
674 1821 760 1881 serio
778 1819 970 1895 accipienda
989 1835 1064 1883 esse
1084 1821 1172 1882 male
1192 1821 1360 1882 mulcandi
1379 1824 1414 1882 et
1432 1821 1542 1882 clami-

326 1935 409 1996 tandi
438 1935 497 1997 illa
525 1933 639 2011 verba,
669 1949 768 1996 nemo
798 1950 864 1995 nou
888 1934 1002 1996 sentit.
1030 1934 1120 2011 Quae
1148 1951 1224 1996 cum
1248 1938 1487 1997 convertuntur
1508 1936 1541 1995 in

326 2049 482 2110 sermonis
516 2049 697 2124 quotidiani
738 2049 915 2110 dictionem
951 2049 1098 2110 sobriam
1137 2051 1238 2124 atqua
1275 2049 1453 2126 placidam,
1496 2050 1544 2110 ait

327 2163 559 2239 Aristophanes
582 2179 618 2224 se
640 2166 736 2238 tunc,
762 2177 837 2223 cum
857 2164 991 2237 negotia
1010 2162 1073 2224 sibi
1093 2161 1402 2238 lacesseretcieon,
1425 2163 1544 2225 amicis

326 2275 442 2337 trustra
470 2275 632 2337 confisum
662 2277 808 2337 sensisse
840 2276 1115 2351 circumspectius
1145 2291 1220 2337 esse
1248 2277 1424 2351 agendum.
1448 2277 1542 2338 Prae·

327 2393 411 2450 terea
444 2390 526 2451 nihii
561 2389 692 2451 senatui
722 2405 758 2451 se
792 2390 986 2465 promisisse
1017 2393 1076 2451 aut
1106 2391 1154 2450 ait
1184 2393 1242 2450 aut
1272 2389 1453 2465 significan
1484 2391 1543 2453 sed

326 2503 399 2564 talia
434 2505 489 2578 qui
524 2506 636 2579 nogat,
673 2503 745 2579 ipsa
778 2504 955 2578 negatione
990 2502 1187 2566 confirmare
1221 2505 1360 2566 videtur.
1404 2505 1541 2566 Missum

326 2617 434 2692 utique
464 2617 620 2679 Cleonem
648 2619 682 2678 et
711 2632 764 2678 res
795 2616 943 2692 publicas
974 2622 1072 2694 poeta
1100 2618 1180 2679 iecit
1203 2620 1351 2693 tempore
1375 2619 1541 2694 proximo,

325 2730 392 2791 sive
423 2734 558 2793 coactus
581 2732 653 2792 sive
675 2732 794 2806 sponte
817 2746 895 2804 sua;
920 2730 994 2790 aliia
1018 2734 1129 2792 autem
1155 2731 1236 2792 viris
1257 2730 1387 2792 tabulas
1408 2746 1545 2806 sequen·

325 2845 387 2920 tes,
418 2848 456 2905 ut
485 2845 626 2920 primas,
659 2844 794 2905 tradidit
824 2844 999 2905 docendae.
1024 2845 1119 2905 Unde
1142 2844 1267 2904 aemuli
1289 2845 1435 2905 iocorum
1461 2860 1544 2906 mor-

325 2957 450 3019 dacium
482 2958 657 3019 materiem
690 2959 824 3033 saepius
853 2957 1053 3034 petiverunt.
1088 2957 1254 3033 ,Arcadas
1284 2972 1359 3017 eum
1384 2959 1544 3034 imitari”,

324 3069 458 3131 Arcadis
481 3071 640 3132 nimirum
664 3071 805 3132 latronis
828 3072 935 3132 instar
958 3086 1024 3131 non
1047 3086 1110 3131 suo
1129 3074 1312 3132 certantem
1334 3072 1468 3132 nomina
1487 3073 1545 3132 sed

323 3184 395 3245 aliis
426 3199 560 3261 operam
595 3187 790 3266 cavantem,
820 3185 905 3246 dixit
928 3185 1023 3245 Plato
1047 3184 1195 3245 comicus
1216 3177 1255 3259 ²);
1286 3185 1375 3246 idem
1405 3188 1544 3261 ,quarto

324 3299 447 3360 mensis
481 3299 554 3359 die'’
589 3300 660 3360 sive
690 3299 744 3361 die
775 3297 880 3359 natali
910 3298 1077 3371 Herculis,
1113 3300 1170 3371 qui
1199 3298 1310 3360 famae
1337 3298 1465 3360 alienae
1487 3314 1545 3373 per

324 3413 426 3472 totam
450 3414 555 3472 vitam
579 3413 768 3487 inservivit,
794 3412 883 3473 malo
906 3413 1016 3473 omine
1042 3412 1203 3486 ,natum”
1228 3413 1358 3472 vocavit
1380 3407 1415 3487 ⁸),
1446 3427 1543 3486 quem

324 3523 429 3586 iocum
460 3528 518 3587 alil
548 3527 783 3602 competitores
813 3527 928 3602 cupide
958 3526 1169 3602 arripuerunt
1198 3527 1433 3601 Aristonymus
1457 3528 1544 3587 Ami·

323 3639 412 3712 psias
432 3640 594 3715 sannyric
614 3637 650 3710 ⁴).

367 3752 425 3814 Est
453 3757 562 3814 autam
594 3753 680 3827 quod
711 3755 929 3829 gaudeamus,
957 3767 1022 3815 non
1046 3754 1163 3814 eadem
1186 3754 1242 3814 via
1263 3754 1452 3830 perrexisse
1475 3755 1542 3815 Ari-

324 3866 530 3940 stophanem.
563 3866 624 3943 Qui
654 3866 740 3940 quod
771 3869 902 3928 senatui
933 3867 1128 3942 promisisse
1158 3882 1194 3928 sa
1224 3868 1373 3941 negavit,
1398 3868 1430 3927 id
1453 3868 1545 3928 solus

324 3977 387 4039 sibi
416 3982 477 4056 ipsi
508 3981 662 4056 promisit
690 3981 847 4056 fortasse,
879 3984 1055 4056 postquam
1087 3981 1127 4042 ad
1158 3996 1195 4041 se
1221 3981 1318 4040 rediit
1340 3986 1372 4040 et
1395 3981 1543 4042 studium

324 4165 537 4178 ——.

357 4295 378 4354 ¹)
397 4299 469 4361 vesp.
488 4299 663 4348 lael-liei.

354 4373 457 4439 ς)1>111.
484 4379 516 4427 ir.
538 4381 585 4436 993
610 4391 670 4426 cem
695 4376 906 4439 Aristophanem,
932 4391 983 4425 non
1009 4376 1095 4438 ipsum
1122 4379 1255 4426 Platonem
1283 4381 1338 4439 peti
1364 4379 1409 4426 illo
1436 4380 1545 4427 dicterio

323 4469 383 4504 carn
408 4459 523 4506 leineke
546 4459 696 4518 suspicatos
718 4461 788 4505 esset
810 4455 928 4514 (Qussst.
952 4458 1025 4504 Scan.
1046 4453 1545 4519 111).11),ορ1111111111111111ροο

324 4536 451 4586 lleinelio
472 4543 565 4600 postes
587 4539 700 4585 reiectae
723 4537 806 4586 Cobet
825 4537 904 4596 (Pisi.
924 4534 995 4584 Gom.
1018 4550 1043 4597 p.
1064 4532 1208 4598 roa-110)
1224 4537 1343 4597 suscepit
1358 4534 1545 4596 patrocinium

325 4616 369 4674 qui
393 4619 441 4664 tem
464 4621 570 4667 sirenem
592 4629 649 4665 earn
672 4617 836 4664 confirmavit
855 4619 886 4662 ut
907 4613 935 4662 in
957 4615 1066 4663 dubium
1090 4615 1178 4663 soceri
1198 4617 1241 4663 vix
1263 4613 1343 4663 etism
1360 4617 1451 4676 possit.
1468 4617 1545 4676 Apnd

324 4693 428 4744 suidam
448 4703 536 4745 sulem
557 4697 584 4744 et
602 4696 766 4744 Eustethinm
789 4695 859 4755 quod
882 4697 931 4742 ded
954 4701 1063 4744 uarice
1086 4698 1202 4743 cenricus
1219 4696 1322 4743 iebcise
1338 4692 1398 4742 eliis
1415 4695 1546 4743 docendas

325 4775 482 4823 concessisse
512 4776 615 4832 dicitur,
642 4773 670 4821 id
698 4778 744 4821 111
769 4775 868 4823 uocato
896 4779 1003 4822 anctore
1030 4775 1151 4823 deleatur
1178 4777 1270 4834 utpote
1293 4774 1447 4823 recentioris
1471 4776 1546 4822 scioli

325 4859 505 4916 commentum,
522 4858 568 4902 ent
585 4880 615 4888 -
635 4867 702 4912 quse
719 4855 805 4915 potior
822 4853 925 4901 videtur
939 4855 1006 4901 ratio
1024 4879 1054 4888 —-
1072 4853 1203 4902 scribetur
1225 4855 1276 4901 ded
1297 4852 1406 4908 levior.

358 4929 380 4990 ³)
399 4933 460 4982 Pisi.
478 4935 509 4982 ir.
528 4936 585 4982 100.

359 5007 383 5069 ⁴)
401 5011 436 5059 oi.
453 5011 542 5072 11115
561 5014 575 5061 l
594 5016 621 5062 et
639 5012 720 5060 schol.
738 5013 805 5060 Plet.
823 5012 897 5072 Apol.
920 5013 976 5059 ide.
