4375 6284
648 923 714 986 330
1089 923 1131 982 οι
1154 937 1262 981 rsxro
1288 937 1439 984 respiro.

647 1109 779 1169 doceret
799 1109 927 1184 proprie
946 1124 1012 1170 non
1030 1109 1239 1186 sycophantae
1255 1079 1433 1170 ronedinm
1453 1109 1512 1170 sed
1531 1125 1659 1170 οιονοιιο
1667 1107 1864 1185 sycophantae

647 1223 823 1282 remedium
842 1223 946 1283 fuisse
965 1223 1157 1299 dicendum,
1174 1223 1249 1284 voci
1260 1223 1456 1301 συκοφάντου
1468 1223 1704 1300 superscripsit
1716 1222 1867 1300 οήμμιως,

648 1337 722 1397 dein
753 1337 825 1397 eius
856 1337 955 1412 nugis
984 1337 1094 1397 locum
1127 1338 1227 1398 cessit
1254 1352 1321 1398 vox
1344 1339 1491 1413 genuina
1513 1339 1547 1398 et
1570 1337 1667 1413 plane
1689 1334 1869 1396 necessaua
1967 1344 1968 1351 ¹

647 1449 817 1528 φάρμακον.
841 1450 907 1512 Nec
931 1452 1045 1511 tamon
1069 1451 1161 1512 nullo
1185 1451 1327 1526 vestigio
1351 1452 1468 1513 relicto
1491 1453 1544 1512 est
1565 1450 1721 1526 expulsa,
1745 1462 1822 1510 nam
1838 1463 1868 1508 m
1967 1470 1968 1473 ¹

647 1564 675 1622 R
698 1564 902 1640 adscriptum
926 1571 995 1626 est:
1023 1569 1058 1680 ,μ
1082 1565 1277 1643 φάρμακυυ.”

692 1706 801 1768 Etiam
825 1708 924 1785 Vesp.
951 1710 1034 1771 1397
1060 1710 1124 1769 buc
1148 1708 1354 1788 referendus,
1377 1708 1434 1769 ubi
1456 1710 1507 1769 ira
1527 1708 1655 1784 percita
1676 1721 1826 1783 caupona

870 1820 907 1882 ού
931 1844 976 1882 τοι
998 1821 1041 1899 μὰ
1063 1821 1104 1883 τὼ
1126 1820 1191 1883 θεὼ
1213 1823 1408 1901 καταπροίξει
1431 1822 1574 1900 Μυρτίας

869 1944 921 2012 τῆς
944 1934 1140 2016 Ἀγκυλίωνος
1161 1933 1387 2016 θυγατέρος
1409 1935 1460 1996 καί
1482 1935 1663 2016 Σωστράτης

870 2049 949 2110 οὕτω
972 2049 1159 2128 διαφθείρας
1182 2048 1257 2127 ἐμοῦ
1280 2049 1317 2110 τὰ
1340 2049 1460 2127 φορτία.

647 2167 769 2226 Vocem
787 2162 957 2244 θυγατέρος
979 2165 1034 2226 hio
1056 2179 1164 2240 neque
1186 2167 1410 2241 grammatica
1433 2167 1596 2242 admittit,
1620 2181 1698 2226 nam
1721 2162 1872 2242 θυγατρός

648 2283 721 2341 erat
743 2279 933 2354 dicendum,
959 2294 1065 2354 neque
1088 2295 1171 2341 usus
1193 2280 1363 2356 loquendi,
1387 2295 1466 2341 nam
1485 2281 1558 2357 ipsa
1578 2297 1644 2342 vox
1661 2279 1874 2356 (ttiomoleste

648 2393 802 2454 abundat.
833 2390 1046 2469 Portioipium
1076 2393 1208 2467 aliquod
1239 2395 1448 2455 intercidisse
1478 2395 1622 2470 videtur,
1652 2394 1733 2454 olim
1766 2395 1873 2453 aulem
1967 2474 1968 2485 ρ

647 2509 767 2569 fuisse:
991 2554 1113 2614 ,mk

870 2629 923 2699 τῆς
946 2620 1143 2702 Ἀγκυλίωνος
1167 2621 1423 2700 καθυβρίσας
1446 2619 1498 2680 καί
1520 2621 1711 2699 Σωστράτης.

692 2736 755 2797 His
788 2734 870 2797 locis
904 2734 1033 2796 collatis
1067 2736 1198 2797 facilius
1229 2739 1453 2810 agnoscuntur
1481 2736 1562 2797 mali
1592 2736 1690 2797 sedes
1719 2738 1758 2797 et
1781 2749 1877 2797 causa

648 2851 731 2915 Nub.
764 2852 840 2926 559,
871 2850 929 2910 ubi
959 2851 1106 2911 comicus
1137 2849 1287 2911 aemulos
1310 2865 1451 2925 carpens
1473 2851 1577 2910 ιιιοιιι·
1592 2851 1664 2910 mm
1687 2851 1736 2910 ait
1759 2849 1876 2926 Hyper·

650 2967 757 3029 bolum
775 2969 900 3041 petum,

826 3077 879 3149 τὰς
902 3077 1003 3149 είκούς
1024 3086 1100 3138 τῶν
1123 3074 1311 3157 ἐγχέλεων
1335 3074 1386 3149 τὰς
1409 3074 1481 3185 ἐμὰς
1505 3077 1695 3154 μιμούμενοι.

650 3194 704 3255 Sic
733 3194 771 3268 R,
803 3208 888 3268 quae
914 3195 1070 3268 corrupta
1092 3207 1168 3253 esse
1190 3191 1290 3252 multi
1312 3197 1501 3252 senserunt.
1525 3190 1667 3252 Gravius
1689 3191 1794 3252 etiam
1819 3207 1882 3252 cor·

650 3311 749 3383 rupta
771 3308 805 3366 in
829 3305 875 3367 V:
1052 3355 1099 3394 ὦ,
1189 3346 1271 3402 iiim

848 3417 900 3491 τὰς
922 3417 1023 3490 είκούς
1046 3427 1107 3478 τῶν
1130 3417 1271 3498 ἐγχέλεων
1293 3428 1354 3480 τῶν
1378 3417 1458 3495 ἐμῶν
1481 3419 1672 3496 μιμούμενοι.

651 3533 805 3610 Queritur
828 3521 1070 3609 Aristophanes
1092 3533 1133 3594 de
1156 3532 1344 3608 Hyperbolo
1368 3533 1437 3593 iam
1461 3533 1525 3594 dici
1548 3547 1634 3608 quae
1652 3534 1723 3608 ipso
1742 3534 1825 3596 olim
1843 3536 1879 3594 dc

649 3647 769 3709 Cleoue
798 3647 941 3708 dixisset
971 3647 1078 3708 multo
1105 3647 1217 3722 aptius
1239 3650 1274 3708 st
1295 3647 1469 3721 festivius;
1493 3648 1648 3708 certatim
1672 3648 1779 3709 istum
1802 3649 1878 3709 deri·

650 3759 795 3822 (lendum
818 3761 1000 3836 propinant
1022 3775 1141 3821 omnes

804 3873 857 3946 τὰς
880 3873 980 3947 εἰκοὺς
1006 3871 1104 3938 (καί
1125 3872 1193 3945 τὰς
1216 3871 1355 3946 lituo>
1381 3871 1434 3944 τὰς
1456 3870 1528 3951 ἐμὰς
1549 3875 1747 3952 μιμούμενοι,

649 4002 723 4048 οιιυι
753 3988 909 4064 imopinee
937 3993 1007 4050 inm
1037 3990 1109 4065 ipso
1131 3990 1257 4050 invento
1278 4005 1351 4049 meo
1374 3987 1503 4064 imitati,
1527 3991 1562 4049 et
1584 3988 1698 4050 verbis
1721 3990 1809 4050 meis
1831 3987 1880 4047 uei

649 4108 684 4164 et
713 4104 812 4164 rebus
843 4119 863 4164 a
893 4118 947 4165 me
978 4105 1186 4179 excogitatis.
1215 4105 1373 4178 Equitum
1400 4103 1531 4165 tabulae
1553 4105 1761 4165 mentionem
1783 4102 1879 4164 modo

649 4233 669 4280 a
699 4218 826 4279 comico
857 4217 1013 4279 iniectam
1041 4233 1115 4280 esse
1145 4234 1221 4280 cum
1253 4219 1417 4280 vidissent
1445 4219 1658 4294 interpretes,
1689 4217 1749 4278 illa
1769 4215 1879 4278 tabula

651 4331 804 4407 inspecta
833 4333 867 4392 in
898 4333 1077 4408 imaginem
1106 4333 1320 4394 notissimam
1349 4336 1382 4394 et
1411 4332 1651 4408 lepidissimam
1678 4331 1876 4403 inciderunt,

650 4459 716 4518 qua
745 4445 920 4520 demagogi
944 4446 1188 4510 assimulantur
1210 4445 1433 4522 piscatoribus
1454 4448 1490 4507 in
1512 4445 1647 4507 turbida
1667 4447 1879 4522 potissimum

650 4573 736 4633 aqua
766 4560 931 4634 anguillas
960 4560 1189 4636 captantibus;
1220 4576 1322 4636 quam
1353 4563 1412 4621 aut
1433 4560 1542 4622 solam
1565 4565 1625 4621 aut
1651 4575 1731 4636 prae
1758 4559 1878 4621 ceteris

650 4687 739 4733 nuno
762 4675 906 4748 spectari
929 4675 996 4734 rati
1018 4675 1092 4734 voci
1115 4674 1216 4745 εἰκούς
1238 4675 1548 4750 superscripserunt
1572 4682 1659 4750 ,τῶν
1681 4671 1852 4752 ίηίιειυ.”

695 4784 804 4846 Etiam
834 4786 921 4849 Eccl.
953 4787 995 4849 78
1026 4787 1218 4849 huiusmodi
1247 4789 1329 4848 vitio
1359 4787 1498 4850 laborat.
1527 4787 1593 4849 Ubi
1621 4787 1656 4846 in
1686 4787 1876 4849 concionem

649 4897 772 4959 mulier
800 4901 963 4975 quaedam
991 4901 1173 4976 procedens
1202 4901 1310 4962 Lamii
1341 4901 1453 4963 mariti
1485 4901 1539 4962 sui
1563 4900 1717 4962 baculum
1739 4897 1781 4972 (τὸ
1805 4899 1876 4958 eat

650 5018 751 5086 ιαιον)
781 5019 896 5075 tenere
925 5028 962 5076 se
992 5015 1084 5090 dicit,
1109 5030 1208 5089 quem
1232 5015 1340 5076 virum
1366 5015 1499 5076 aliunde
1521 5017 1673 5090 ignotum
1696 5017 1775 5076 tunc
1795 5017 1876 5074 tem·
