4375 6284
1025 1976 1102 2054 ΙΙΙ.
1127 1975 1195 2054 De
1218 1980 1361 2072 poeta
1383 1977 1503 2053 viro.

1170 2275 1359 2284 ...μ-...-

1252 2498 1278 2560 Ι.

704 2707 764 2783 Qui
793 2723 909 2784 pacem
938 2708 994 2768 diu
1023 2711 1191 2784 speratam
1221 2708 1325 2770 secuti
1354 2711 1434 2770 sunt
1459 2708 1543 2784 dies,
1566 2707 1655 2769 vitae
1677 2705 1871 2768 laetissimos

659 2823 735 2896 post
768 2821 944 2896 pueritiam
977 2835 1034 2881 eoa
1068 2820 1182 2882 habuit
1216 2825 1324 2896 poeta.
1359 2821 1486 2882 Revera
1519 2821 1620 2897 igitur
1651 2820 1759 2880 hastis
1792 2818 1871 2878 vites

658 2933 772 2994 tulturi
805 2937 900 2994 eraut
931 2933 1095 3008 agricolae
1128 2935 1161 2994 et
1190 2933 1279 2995 tubis
1311 2949 1369 3009 pro
1403 2934 1611 2996 cottaborum
1641 2931 1871 2994 statuminibus

659 3047 766 3120 nauri;
790 3062 856 3121 pax
879 3046 968 3107 enim
992 3050 1076 3123 crat,
1101 3061 1167 3122 pax
1190 3047 1294 3108 alma:
1314 3047 1482 3108 Niciarum
1500 3046 1715 3123 prudentibus
1734 3044 1872 3107 conubis

658 3163 833 3234 superatus
856 3163 927 3220 erat
950 3160 1040 3221 furor
1059 3158 1227 3221 Gleonum.
1251 3159 1321 3220 Non
1341 3164 1439 3236 caput
1456 3161 1602 3235 ingentis
1619 3159 1751 3236 imperii
1769 3159 1873 3219 lutura
1967 3197 1968 3218 ,

657 3275 731 3332 erat
751 3272 1005 3334 Atheniensium
1030 3272 1163 3349 civitas,
1186 3273 1244 3334 sed
1267 3274 1419 3335 homines
1440 3274 1553 3335 felices
1576 3274 1680 3335 vitam
1704 3287 1781 3334 vers
1799 3273 1871 3331 vita·
1967 3309 1968 3350 ,

657 3385 739 3462 lem,
764 3387 801 3446 ut
822 3386 916 3462 olim,
941 3386 1008 3447 illic
1031 3389 1125 3447 erant
1146 3387 1358 3448 transacturi.
1390 3387 1498 3448 Miseri
1524 3387 1684 3462 Lacones,
1708 3387 1764 3461 qui
1786 3399 1872 3460 quar·

658 3499 731 3558 tum
753 3498 822 3558 iam
845 3513 970 3560 annum
994 3499 1107 3575 procul
1130 3515 1150 3560 a
1172 3501 1279 3576 patria
1300 3500 1333 3560 in
1355 3501 1495 3561 vinculis
1514 3499 1725 3575 languebant,
1745 3499 1872 3558 domum

657 3610 794 3670 redituri
833 3614 928 3672 erant
961 3613 1152 3686 civibusque
1186 3613 1258 3674 suis
1291 3613 1428 3674 relaturi
1461 3627 1526 3674 non
1558 3614 1625 3673 iam
1658 3612 1774 3672 hostes
1806 3609 1872 3671 odio

657 3723 860 3785 internecivo
889 3725 1064 3787 instinctos
1085 3727 1198 3788 vivere
1226 3727 1379 3803 Athenis,
1411 3727 1468 3788 sed
1495 3726 1616 3787 iratres
1638 3724 1872 3800 Spartiatarum

658 3839 692 3898 et
721 3838 838 3898 socios.

703 3952 883 4013 sociosne?
912 3954 965 4014 Ita
993 3957 1089 4015 sanet
1123 3954 1159 4015 ld
1183 3969 1311 4029 quoque
1334 3955 1365 4014 in
1390 3954 1554 4015 satisfuit
1577 3956 1752 4029 utpacem
1775 3947 1873 4027 proxi·

659 4081 753 4126 mum
782 4066 1011 4141 insequeretur
1033 4068 1148 4129 foedus
1171 4067 1211 4128 ab
1236 4068 1491 4129 Atheniensibus
1514 4082 1589 4127 cum
1613 4061 1873 4127 Lacedaemoniis

658 4178 790 4239 initum.
814 4178 956 4241 liberati
979 4184 1059 4242 sunt
1081 4181 1206 4242 milites
1230 4181 1352 4256 captivi
1366 4225 1373 4242 .
1389 4225 1418 4242 ..

702 4291 744 4352 lit
777 4296 877 4354 tunc.
892 4337 921 4354 ..
946 4294 1022 4367 quid
1058 4295 1161 4356 tune?
1197 4295 1339 4371 Spumae
1368 4297 1448 4354 tunc
1478 4292 1579 4368 bulla,
1610 4307 1695 4366 quae
1717 4287 1872 4352 coloribus

656 4407 851 4468 laetissimis
879 4407 1085 4485 splendebat,
1118 4409 1265 4485 disrupta
1294 4409 1334 4470 ad
1358 4407 1440 4468 nihil
1464 4407 1561 4469 rediit
1584 4409 1617 4466 ot
1641 4403 1742 4466 tinem
1764 4401 1872 4464 habuit

659 4524 775 4594 poetae
798 4521 965 4582 iuventus.

701 4633 826 4709 Nempe
860 4633 1021 4712 tabulam,
1058 4638 1095 4696 nt
1124 4638 1158 4697 ln
1190 4638 1338 4714 theatro,
1370 4637 1432 4697 sibi
1462 4651 1535 4698 esse
1562 4639 1748 4710 narratam,
1779 4631 1872 4694 nimis

658 4748 724 4807 cito
753 4762 887 4809 sensere
918 4749 1045 4826 Graeci,
1076 4766 1181 4824 neque
1213 4752 1320 4828 ipsam
1344 4752 1438 4812 Pacis
1461 4751 1564 4811 Deam
1586 4750 1645 4810 sed
1667 4749 1800 4810 inanem
1823 4743 1871 4806 aii·

658 4875 756 4934 quam
791 4862 863 4923 eius
897 4863 1077 4937 imaginem
1112 4865 1151 4925 ab
1183 4865 1336 4940 agricolis
1366 4865 1488 4925 Atticis
1516 4863 1550 4924 in
1580 4863 1689 4924 lucem
1713 4877 1787 4924 esse
1809 4874 1871 4938 pro·

656 4976 809 5035 tractam.
831 4975 981 5051 Optimae
995 4976 1140 5052 proiecto
1152 4983 1320 5054 pactiones
1333 4978 1590 5054 prudentissime
1601 4975 1874 5039 concinnaverant
