4375 6284
215 1206 222 1314 'l

216 1316 223 1417 l

217 1422 221 1456 Ι

760 943 802 988 nr
825 943 933 990 nuxru
957 943 1110 990 rauumo.
1479 930 1544 992 263

368 1116 519 1178 Getarum
556 1117 743 1178 cuiusmodi
773 1116 872 1177 luerit
902 1115 987 1178 ratio
1018 1131 1083 1191 qua
1109 1119 1190 1178 tuno
1214 1119 1374 1193 temporis
1397 1119 1550 1180 dramata

332 1233 359 1291 in
395 1232 519 1292 chartis
560 1231 793 1306 exarabantur,
837 1232 923 1290 haud
966 1231 1014 1290 ita
1045 1231 1219 1292 difficulter
1251 1232 1347 1293 uobis
1380 1232 1549 1308 fingimus.

329 1344 547 1404 biverbiorum
583 1347 833 1418 ceterarumque
867 1345 1010 1419 partium
1045 1343 1120 1403 κατὰ
1153 1345 1253 1422 στίχον
1286 1348 1546 1422 compositarum

329 1459 441 1533 singuli
473 1473 589 1519 versus
612 1473 632 1517 a
654 1473 741 1518 nova
768 1458 854 1518 lluea
881 1456 1097 1534 incipiebant,
1120 1460 1257 1535 perinde
1280 1463 1378 1535 atque
1403 1462 1550 1523 carmina

329 1575 428 1648 apica;
461 1573 584 1648 lyricae
615 1589 691 1635 vero
720 1577 832 1649 partes
856 1574 943 1634 haud
967 1573 1064 1634 aliter
1086 1574 1374 1648 perscribebantur
1397 1590 1495 1650 quam
1519 1575 1549 1636 si

329 1701 419 1760 prosa
449 1687 598 1748 oratioue
629 1691 742 1748 esseut
766 1690 954 1763 conceptae.
985 1687 1037 1747 Sic
1059 1687 1227 1749 Timothei
1250 1704 1383 1750 carmen
1407 1689 1545 1763 lyricum

327 1800 355 1859 iu
387 1815 507 1875 papyro
538 1787 593 1861 1v¹
617 1801 668 1862 val
699 1793 756 1861 ΙΙΙ1
779 1803 855 1862 aute
886 1799 1055 1862 Christum
1087 1801 1211 1862 saeculi
1238 1805 1333 1863 extat
1355 1805 1545 1879 exaratum,

326 1913 402 1974 item
424 1914 531 1974 Paean
557 1930 655 1988 quern
678 1915 801 1989 Isyllus
821 1916 854 1975 in
874 1915 1063 1990 Aesculapii
1082 1915 1242 1977 honorem
1259 1917 1395 1978 ineunte
1414 1916 1547 1978 saeculo

325 2027 366 2086 ΙΙ0
386 2027 651 2090 antechristum
672 2031 858 2106 composuit
878 2030 911 2090 in
931 2028 1038 2106 lapide
1060 2029 1236 2106 Epidaurio
1254 2026 1287 2108 ¹),
1307 2035 1342 2092 et
1353 2030 1547 2106 ariphronis

324 2141 463 2215 Sicyonii
493 2143 527 2203 iu
557 2141 722 2218 Hygieam
752 2144 898 2217 hymnus
929 2144 963 2204 in
992 2143 1100 2218 lapide
1124 2145 1235 2206 Attico
1251 2139 1286 2216 ²).
1309 2144 1351 2206 Et
1374 2162 1391 2205 a
1414 2145 1548 2206 scenica

324 2255 411 2328 poesi
444 2258 482 2316 ut
515 2256 656 2317 addatur
690 2257 899 2333 exemplum,
938 2259 973 2318 in
1007 2258 1195 2332 fragmento
1230 2259 1346 2334 papyri
1378 2247 1437 2319 ΙΙΙἰ
1470 2261 1548 2320 ante

323 2366 488 2430 Christum
530 2373 647 2430 uatum
689 2371 814 2432 saeculi
848 2371 897 2432 sic
931 2371 1047 2446 scripti
1080 2374 1161 2432 sunt
1194 2372 1363 2449 anapaesti
1398 2371 1546 2447 dimetri,

323 2482 436 2556 quibus
460 2484 613 2544 dramata
635 2483 794 2545 nonnulla
817 2484 979 2560 Euripidis
1002 2485 1217 2546 clauduntur:

361 2599 469 2656 παλλαι
488 2618 604 2675 poppae
622 2619 682 2656 ταν
703 2591 707 2678 Ι
729 2597 895 2675 δαιμονιων
915 2601 1009 2658 πολλα
1030 2591 1034 2680 Ι
1056 2621 1070 2658 τ
1089 2602 1222 2671 calnaco
1240 2620 1366 2674 κραινου
1386 2595 1392 2677 Ι
1413 2614 1443 2657 σι
1461 2603 1545 2659 beot:

321 2730 367 2768 και
389 2732 425 2768 τα
448 2709 524 2788 donn
545 2705 548 2790 Ι
570 2727 644 2770 aava
666 2711 735 2782 (sib)
759 2733 815 2772 ουκ
835 2714 974 2790 saaladin
995 2705 999 2792 Ι
1019 2734 1079 2771 των
1099 2712 1117 2772 δ
1136 2712 1292 2791 conantur
1312 2707 1317 2794 Ι
1337 2733 1434 2790 wopau
1456 2733 1543 2786 supas·

319 2825 387 2895 θεας
408 2823 413 2902 Ι
434 2823 538 2884 accord
561 2826 659 2903 απεβη
682 2847 714 2886 τα
736 2822 741 2902 Ι
761 2824 794 2885 δε
813 2847 935 2904 πραγμα
956 2819 990 2896 ³).

360 2940 472 3014 Neque
506 2939 584 3002 hinc
618 2940 716 3000 alieni
750 2943 830 3001 suut
863 2942 1063 3018 pentametri
1097 2943 1257 3004 trochaici
1288 2958 1308 3004 a
1341 2940 1542 3004 callimacho

320 3055 492 3130 compositi
505 3047 539 3129 ⁴),
564 3068 702 3128 quorum
725 3056 853 3131 primus
876 3055 930 3117 hic
952 3059 1020 3118 est:

425 3167 540 3246 ἔρχεται
562 3169 658 3241 πολὺς
681 3164 736 3246 μὲν
761 3169 891 3249 Αἰγαῖον
919 3170 1081 3248 διατμήξας
1105 3165 1153 3229 ἀπ’
1180 3169 1305 3248 αἶνηρῆς
1328 3169 1416 3231 Χίου.

317 3282 398 3344 Nam
431 3283 506 3343 inde
537 3285 675 3358 apparet
704 3281 943 3345 Callimachum
972 3300 1030 3360 pro
1053 3300 1119 3346 uuo
1142 3300 1242 3346 vorsu
1265 3285 1421 3346 habuisse
1442 3285 1543 3345 dime-

316 3399 405 3457 trum
442 3411 517 3458 cum
560 3401 767 3458 monometro
803 3396 973 3472 alteroque
1006 3399 1150 3459 dimetro
1185 3398 1390 3474 catalectico,
1425 3397 1544 3472 quibua

314 3513 463 3572 numeris
497 3511 582 3587 apud
618 3512 782 3572 comicum
817 3513 1015 3574 clauduntur
1055 3513 1235 3575 nonnullae
1273 3505 1541 3575 orationes'lon·

317 3627 440 3701 giores,
466 3641 494 3687 e.
515 3641 563 3701 ga

428 3737 596 3818 ἑστιᾶσθαι,
617 3739 813 3818 κοτταβίζειν,
832 3736 838 3818 Ι
858 3739 1045 3819 audacitatis,
1064 3738 1070 3820 Ι
1091 3741 1151 3817 ιὀῦ,
1173 3738 1222 3800 lou
1245 3737 1431 3820 κεκραγέναι.

357 4022 439 4084 Inde
470 4019 511 4082 ab
541 4021 690 4096 ipsorum
721 4022 894 4096 poetarum
924 4019 1133 4082 scenicorum
1162 4023 1323 4097 tempore,
1351 4021 1390 4081 ut
1411 4021 1541 4096 postea,

312 4135 519 4212 paragrapho
542 4137 624 4206 (-)
647 4134 813 4196 indicatae
832 4149 906 4196 esse
925 4135 1079 4196 videntur
1097 4148 1313 4210 personarum
1333 4135 1437 4211 vices,
1457 4148 1542 4209 quae

313 4262 473 4309 versuum
496 4247 580 4308 liunt
604 4249 713 4325 initio,
738 4248 859 4324 duplici
883 4251 995 4310 autem
1020 4253 1143 4325 puncto
1163 4253 1204 4325 (ε,
1227 4253 1291 4320 ταῖς
1314 4247 1370 4309 δύο
1395 4252 1541 4327 στιγμαῖς)

312 4377 398 4435 quaa
421 4363 456 4422 iu
479 4362 600 4424 madiis
622 4362 793 4438 versibus;
817 4364 905 4424 certa
930 4363 997 4424 iam
1022 4363 1109 4425 circa
1132 4378 1255 4424 annum
1277 4363 1342 4423 300
1365 4365 1443 4428 ante
1466 4361 1541 4425 (lhr.

344 4619 364 4687 ΙΙ
383 4622 611 4675 uiuektmaoua
628 4623 721 4674 collita
747 4626 821 4673 8842.
848 4625 898 4674 Ubi
922 4622 968 4685 qui
992 4623 1152 4672 antecedunt
1175 4626 1201 4672 at
1223 4625 1371 4683 sequuntur
1393 4620 1541 4672 tetrametri

311 4702 443 4796 trochaici
461 4706 488 4752 st
504 4717 597 4753 vanua
614 4705 722 4768 herolci,
740 4706 801 4752 narb
817 4710 901 4766 αιιχαι
918 4700 999 4764 lapidi
1017 4706 1079 4751 snut
1095 4704 1179 4750 incisi.

343 4777 368 4922 Ἰ
381 4783 473 4910 ἓίΙιξΙι
493 4785 592 4925 ⁵palpyri
610 4864 624 4911 1
640 4859 729 4927 (1906)
747 4859 776 4910 n⁰
793 4865 833 4912 25.
855 4861 942 4912 Simili
963 4860 1064 4910 ratione
1088 4860 1115 4909 in
1138 4863 1189 4910 alia
1213 4875 1321 4923 papyro,
1340 4875 1407 4922 quaa
1424 4861 1540 4910 ciusdem

309 4945 414 4990 astutia
432 4946 472 4990 ast
490 4939 531 5003 (u⁰
547 4939 600 5006 al),
617 4941 758 5004 perscripti
775 4947 838 4991 suut
854 4943 913 5004 Iph.
931 4945 1009 4991 'laun
1028 4943 1171 4991 178-191.

344 5018 368 5086 ⁴)
386 5022 495 5071 anthol.
515 5021 579 5070 1111
597 5025 620 5072 9.
640 5023 678 5070 cl.
698 5023 785 5071 christ
801 5018 906 5071 usluki
923 5035 949 5083 p.
967 5022 1025 5081 805,
1042 5023 1186 5083 Hephceat.
1204 5022 1237 5070 dc
1255 5019 1367 5070 carmin.
1385 5024 1409 5070 b.
