4375 6284
662 931 703 997 78
1176 945 1217 988 na
1241 944 1366 990 000000

660 1118 801 1178 somniis
832 1116 901 1178 turs
934 1116 1072 1192 000000
1105 1116 1254 1193 videbas,
1290 1117 1380 1192 repro
1414 1116 1472 1178 rua
1505 1117 1616 1194 0000,
1648 1117 1704 1179 uui
1734 1118 1870 1179 nauium
1942 1079 1943 1104 ¹

661 1246 726 1308 pax
757 1233 790 1292 et
819 1230 972 1292 felicitas.
994 1230 1034 1290 in
1056 1230 1182 1291 mentis
1204 1229 1349 1291 dominio
1372 1233 1444 1291 orat
1465 1231 1544 1306 sita,
1568 1231 1672 1293 immo
1694 1232 1793 1293 etiam
1815 1232 1870 1292 sita

661 1347 724 1406 est.
754 1344 853 1406 Nulla
882 1344 927 1405 ibi
956 1328 1103 1418 vincula,
1135 1342 1228 1404 nulla
1255 1342 1343 1404 bolla
1372 1346 1432 1404 aut
1459 1343 1547 1420 odia,
1578 1345 1701 1406 absunt
1732 1345 1871 1406 doloret

661 1459 823 1534 pravitas,
854 1456 956 1518 nullis
980 1456 1026 1518 ibi
1054 1456 1206 1532 procellis
1236 1456 1400 1517 laceratur
1421 1457 1511 1518 veris
1540 1457 1654 1534 decus,
1679 1473 1742 1519 nec
1765 1459 1871 1519 ilerum

662 1571 816 1648 splendor
835 1572 942 1632 uritur
959 1570 1095 1631 hiemali
1113 1570 1247 1646 frigore,
1268 1569 1328 1631 sed
1347 1570 1408 1631 suh
1429 1571 1517 1631 claro
1537 1571 1628 1631 caelo
1647 1571 1758 1632 rident
1775 1570 1873 1632 omnia

663 1689 798 1748 aeterno
830 1685 1002 1762 splendore
1040 1685 1183 1760 pertusa.
1216 1684 1287 1746 Non
1326 1685 1485 1746 mortales
1520 1687 1633 1745 autem
1673 1683 1719 1744 ibi
1754 1686 1873 1746 vivunt:

639 1766 892 1875 ¹Olympiorum
926 1813 965 1860 ea
998 1801 1050 1860 est
1083 1798 1194 1875 sedes,
1230 1813 1328 1872 quam
1369 1797 1535 1860 Homerus
1574 1801 1653 1859 tuus
1688 1798 1872 1869 celebravit;

664 1915 754 1975 viam
783 1913 928 1975 ostendit
958 1913 1019 1974 tibi
1050 1927 1168 1974 caecus
1191 1912 1247 1974 ille
1269 1912 1343 1974 aevi
1366 1912 1493 1973 vetusti
1515 1915 1623 1973 vates.
1646 1911 1730 1973 lium
1753 1925 1875 1986 sequere

664 2031 698 2089 et
732 2027 904 2103 pervenies
936 2041 1000 2101 quo
1035 2026 1090 2087 ills
1129 2027 1295 2100 pervenit;
1333 2023 1473 2086 liberum
1514 2025 1559 2086 ibi
1598 2028 1631 2086 et
1669 2026 1812 2100 10110000,
1845 2027 1874 2083 01

663 2141 735 2218 1110,
764 2143 799 2202 10
828 2141 972 2214 0001100;
1002 2140 1076 2216 tibi,
1110 2143 1147 2200 ut
1175 2140 1237 2215 illi,
1262 2141 1354 2216 patet
1376 2139 1503 2213 aditus3
1528 2139 1573 2200 ibi
1596 2155 1694 2200 musa
1715 2141 1750 2200 in
1773 2151 1875 2200 aurem

664 2255 695 2315 ei
728 2255 952 2316 insusurravit
985 2269 1070 2329 quae
1105 2253 1252 2314 canenda
1286 2255 1415 2314 essent:
1449 2251 1510 2313 tibi
1544 2267 1673 2327 quoque
1706 2251 1798 2314 dabit
1829 2250 1876 2310 illa

665 2383 750 2442 quae
772 2382 883 2429 canas.

709 2596 747 2655 In
781 2596 888 2671 primo
921 2598 997 2671 post
1026 2593 1104 2654 belli
1133 2592 1232 2655 finem
1263 2595 1320 2668 qui
1350 2594 1520 2655 dicebatur
1548 2595 1730 2656 certamine
1759 2594 1878 2656 scenico

666 2710 880 2770 Pherecrates
903 2708 1049 2769 comicus
1071 2707 1225 2768 hominos
1246 2707 1406 2781 quosdam
1431 2708 1575 2768 ostendit
1596 2722 1748 2768 morosos
1764 2706 1878 2781 100010·

667 2838 751 2898 quae
784 2822 926 2884 alicuius
963 2820 1109 2896 regionis
1147 2820 1360 2882 solitudinem
1401 2824 1606 2898 appetentes,
1644 2835 1685 2882 an
1724 2821 1810 2882 torte
1843 2817 1880 2878 ibi

666 2937 808 2997 inveniri
838 2937 952 3012 posset
980 2934 1075 3010 quies
1104 2949 1152 3010 aa,
1177 2949 1276 3009 quam
1301 2949 1365 2995 non
1390 2935 1458 2995 iam
1479 2934 1654 3011 praeberet
1676 2934 1794 3009 patria.
1815 2931 1880 2993 Alia

667 3050 785 3110 horum
819 3065 896 3126 vox,
923 3047 988 3110 alia
1009 3049 1112 3111 verba
1134 3049 1268 3110 fuerunt
1294 3050 1392 3124 atque
1415 3049 1634 3124 agricolarum
1659 3049 1880 3125 Aristophane·

668 3179 777 3237 orum,
808 3163 864 3238 qui
897 3177 985 3223 anno
1018 3162 1170 3238 proximo
1204 3162 1397 3223 laetissimis
1431 3162 1631 3224 clamoribus
1664 3161 1881 3224 salutaverant

668 3277 776 3337 almae
804 3275 901 3337 Pacis
930 3275 1083 3337 reditum.
1107 3276 1202 3336 Nunc
1224 3290 1304 3336 vero
1327 3275 1443 3336 eadem
1470 3291 1566 3337 mens
1589 3277 1639 3337 001
1663 3272 1881 3351 Aristophani,

668 3404 752 3463 quae
780 3391 861 3450 tunc
883 3389 947 3449 tuit
969 3388 1198 3449 Pherecrateis
1220 3389 1352 3463 generis
1375 3389 1513 3450 humani
1536 3389 1695 3451 osoribus.
1719 3390 1760 3451 Et
1783 3391 1881 3465 ipsum

668 3502 737 3563 iam
767 3503 856 3578 piget
880 3501 1053 3563 hominum
1076 3503 1243 3577 nequitiae
1267 3501 1414 3562 malitiae
1437 3503 1614 3577 stultitiae;
1639 3505 1673 3564 ot
1695 3504 1767 3580 ipse
1789 3504 1880 3564 incor-
1942 3499 1943 3590 l

669 3616 786 3691 ruptos
814 3615 944 3690 aliquos
974 3616 1114 3675 naturae
1148 3629 1300 3676 recessus
1331 3616 1422 3676 adire
1452 3617 1565 3691 gestit.
1596 3617 1736 3690 Moxque
1768 3609 1881 3690 ingenii

670 3728 704 3788 vi
733 3728 845 3804 procul
875 3743 895 3789 a
924 3727 1048 3789 civium
1076 3729 1311 3790 controversiis
1334 3731 1367 3788 et
1389 3729 1559 3790 aerumnis
1581 3729 1742 3807 abripitur
1764 3730 1797 3790 in
1819 3729 1882 3789 1000
1942 3733 1943 3822 l

669 3839 810 3901 deserta.
841 3839 903 3901 Sed
931 3854 997 3900 non
1026 3840 1060 3901 ln
1090 3840 1299 3902 Pherecratio
1329 3841 1495 3903 horridam
1518 3841 1610 3904 illam
1633 3841 1802 3917 regionem
1822 3851 1883 3916 per·
1942 3831 1943 3914 1

670 3955 775 4029 venit,
808 3953 863 4015 011
886 3954 956 4015 vita
983 3954 1094 4014 minus
1117 3955 1221 4016 etiam
1244 3969 1345 4029 quam
1368 3955 1509 4016 Athenis
1531 3955 1645 4016 vitalis
1668 3957 1754 4031 erat,
1777 3951 1883 4016 sedin

670 4081 843 4128 nemorum
873 4068 1039 4142 gremium
1069 4068 1314 4145 dulcissimum,
1346 4069 1400 4131 ubi
1434 4070 1497 4131 sub
1526 4070 1641 4132 fronde
1672 4085 1776 4145 00000
1803 4065 1885 4140 degit
1942 4045 1943 4124 Ῠ

671 4181 787 4243 alitum
818 4196 901 4256 gens
931 4182 1045 4243 hilara.
1077 4182 1148 4245 Hos
1177 4183 1327 4258 sequitur
1356 4199 1413 4260 per
1441 4186 1537 4259 prata
1563 4185 1598 4245 et
1620 4183 1757 4245 arbusta
1779 4186 1813 4244 01
1833 4191 1883 4255 000
1942 4163 1943 4242 Ῐ

671 4294 757 4356 00010
780 4295 890 4370 000110
910 4295 1077 4357 immensa
1099 4296 1201 4357 libere
1224 4296 1414 4358 volitantes.
1440 4296 1511 4358 Non
1545 4296 1728 4358 bestiarum
1750 4297 1884 4358 ferarum

672 4408 887 4470 hominumve
917 4409 1117 4470 incultorum
1149 4410 1242 4470 rauci
1264 4409 1426 4471 clamores
1449 4410 1489 4471 ad
1512 4414 1644 4486 poetam
1668 4413 1832 4484 nostrum,
1854 4409 1886 4464 ut

672 4523 712 4583 ad
732 4523 939 4585 Pherecratis
959 4523 1034 4584 illos
1049 4523 1311 4599 misanthropos,
1332 4524 1529 4599 perveniunt
1542 4539 1559 4584 e
1570 4523 1733 4584 silvarum
1746 4519 1885 4590 latebris,

672 4636 729 4696 sed
759 4635 919 4698 lusciniae
949 4637 1063 4696 avium
1096 4635 1230 4711 reginae
1259 4635 1375 4697 mollia
1405 4637 1544 4698 cantica.
1575 4635 1612 4696 In
1644 4635 1778 4698 beatam
1801 4634 1886 4695 illam

671 4751 838 4826 regionem
872 4750 1022 4827 perducit
1055 4751 1146 4812 cives
1180 4766 1274 4826 suos,
1306 4763 1389 4825 quos
1423 4753 1613 4826 pertaesum
1643 4752 1697 4811 est
1730 4749 1886 4812 malorum

673 4864 834 4941 civilium,
865 4869 900 4926 et
929 4863 1053 4940 ingenii
1083 4863 1231 4925 0010100
1253 4867 1432 4940 postquam
1457 4863 1499 4924 iis
1521 4862 1685 4940 praebuit,
1710 4877 1829 4925 novam
1852 4859 1888 4918 iis

673 4977 788 5039 urbem
820 4977 931 5039 condit
959 4978 993 5037 in
1023 4976 1180 5054 nubibus,
1204 4975 1317 5051 procul
1340 4991 1360 5036 a
1382 4975 1580 5039 mortalibus
1601 4977 1689 5038 inter
1711 4977 1836 5039 caelum
1858 4973 1888 5030 ct
