4375 6284
658 935 721 994 110
1171 951 1213 994 nr
1234 950 1360 996 eorrrn

701 1121 830 1196 ,Morus
859 1119 973 1181 iocus”
1003 1119 1365 1196 Thesmophoriaausae
1395 1123 1507 1184 fabula
1536 1127 1587 1186 est
1620 1131 1752 1204 vocata,
1775 1143 1866 1202 neque

655 1236 708 1294 est
732 1235 767 1294 in
789 1231 847 1293 illo
869 1233 1004 1294 nomine
1026 1234 1113 1307 quod
1136 1235 1353 1313 vituperetur,
1377 1237 1475 1298 modo
1498 1238 1696 1302 verbisuno
1719 1245 1755 1302 et
1777 1242 1866 1302 altero

654 1348 775 1409 additis
808 1348 937 1409 dicatur
973 1347 1075 1424 ,felix
1104 1351 1220 1425 poetes
1249 1350 1509 1426 ingeniosissimi
1539 1353 1652 1415 iocus·
1683 1371 1788 1430 nequo
1808 1371 1868 1417 con·

654 1462 782 1523 temtus
804 1461 926 1535 aliquid
948 1463 1068 1525 habeat
1091 1464 1256 1526 adiectum
1282 1467 1450 1542 ,merus'',
1475 1466 1533 1527 sed
1555 1468 1588 1528 id
1610 1470 1743 1531 tantum
1763 1470 1870 1531 indicet

583 1600 586 1604 ·
654 1575 740 1649 quod
758 1577 872 1652 negari
891 1579 1017 1654 nequit,
1038 1577 1185 1640 fabulam
1206 1580 1395 1654 argumenti
1414 1581 1642 1659 esseprivsti,
1664 1582 1870 1658 respublicas

653 1689 687 1749 in
711 1705 751 1750 ea
772 1693 934 1752 tractatas
956 1706 1023 1753 non
1047 1706 1131 1754 8888.
1155 1692 1188 1752 Si
1211 1708 1290 1754 vero
1311 1692 1407 1754 illum
1426 1694 1536 1755 iocum
1556 1694 1631 1756 81118
1650 1696 1870 1773 Aristophanis
1942 1737 1943 1768 3

654 1803 776 1865 fabulis
805 1805 998 1866 inferiorem
1033 1820 1108 1867 esse
1142 1805 1327 1881 perhiberet
1359 1808 1523 1884 quispiam
1560 1812 1594 1870 et
1629 1811 1684 1870 vix
1718 1812 1869 1872 sincemm

654 1919 781 1996 priscae
808 1920 996 1981 comoediae
1020 1921 1142 1996 fetum,
1166 1921 1279 1997 utpote
1301 1922 1336 1982 in
1359 1922 1499 1984 materie
1521 1923 1673 1984 tenuiore
1694 1927 1869 1996 versatum,

653 2036 787 2094 strenue
799 2033 1038 2108 obloquendum
1051 2037 1141 2096 esset
1153 2035 1192 2096 de
1204 2034 1336 2110 egregio
1348 2036 1430 2096 artis
1441 2050 1538 2111 opere
1548 2037 1702 2112 imperite
1713 2037 1870 2100 iudicanti.
1942 2023 1943 2104 1

654 2147 789 2221 Equites
817 2148 962 2225 exempli
993 2163 1094 2210 eausa
1115 2149 1146 2209 si
1168 2149 1243 2222 quis
1264 2149 1368 2225 pluris
1390 2149 1515 2211 iaceret
1536 2165 1636 2225 quem
1660 2151 1870 2227 Thesmopho·
1942 2113 1943 2160 ¹

653 2262 818 2338 riaausas,
849 2263 1017 2323 civitatem
1049 2263 1139 2324 enim
1170 2263 1422 2342 Atheniensium
1453 2264 1589 2326 maioris
1619 2279 1693 2326 esse
1722 2265 1871 2326 momenti

654 2391 753 2448 quarn
777 2374 893 2437 lictum
916 2375 997 2437 illud
1018 2377 1183 2453 Euripidis
1206 2393 1283 2453 erga
1306 2378 1464 2439 mulieres
1486 2379 1613 2455 odium,
1638 2412 1680 2422 -
1700 2383 1734 2440 et
1752 2380 1873 2440 fuerunt

655 2490 818 2551 eiusmodi
845 2490 970 2552 iudices
1000 2491 1082 2551 artis
1106 2491 1266 2568 poeticae,
1292 2525 1333 2534 -
1356 2491 1541 2553 testimonii
1564 2493 1604 2553 ‹le
1623 2492 1676 2552 his
1697 2491 1797 2554 rebus
1817 2493 1871 2552 iic·

655 2603 780 2664 tionem
803 2603 944 2666 dandam
968 2605 1031 2666 sibi
1054 2620 1121 2666 non
1143 2619 1218 2666 esse
1240 2605 1439 2668 ostenderet.

699 2718 785 2779 Nam
816 2719 899 2780 dura
926 2718 1005 2780 licet
1034 2719 1134 2781 fuerit
1163 2719 1369 2781 Athenarum
1400 2733 1473 2780 sors
1496 2723 1531 2780 et
1551 2720 1752 2795 gravissimo
1773 2719 1874 2782 dolore

654 2833 803 2896 affecerit
831 2832 982 2895 animum
1011 2834 1260 2911 Aristophanis,
1290 2834 1355 2894 arti
1384 2834 1457 2894 eius
1479 2834 1564 2895 mire
1585 2834 1735 2910 profuere
1758 2833 1875 2910 patriae

655 2947 878 3024 calamitates,
913 2950 947 3008 et
976 2948 1043 3009 seri
1073 2949 1209 3024 nepotes
1240 2949 1290 3008 est
1320 2962 1379 3008 our
1407 2947 1574 3023 gaudeant
1603 2961 1669 3009 non
1699 2948 1875 3022 porrexisse

655 3077 732 3123 eum
762 3062 797 3122 in
828 3063 895 3139 via,
928 3077 1029 3137 quam
1056 3063 1165 3139 prima
1187 3063 1360 3123 iuventute
1380 3062 1468 3139 iniit,
1494 3076 1569 3123 cum
1594 3077 1648 3123 res
1671 3061 1786 3122 civiles
1809 3060 1875 3121 selle

655 3177 802 3238 imbutas
831 3176 970 3250 odioque
999 3176 1167 3238 ferventes
1195 3174 1437 3253 spectatoribus
1458 3174 1634 3250 obiciebat,
1665 3176 1793 3236 sodex
1822 3188 1874 3234 suo

654 3291 760 3366 ipsius
789 3290 898 3367 potius
926 3293 1058 3366 pectore
1081 3289 1258 3366 protulisse
1280 3305 1364 3364 quae
1387 3289 1455 3350 illic
1477 3289 1512 3350 in
1534 3289 1635 3351 fundo
1657 3291 1780 3366 ingenii
1802 3290 1873 3351 fera·
1942 3289 1943 3312 ¹

655 3405 782 3466 cissimi
809 3405 1046 3479 effloruissent,
1076 3404 1204 3465 diutius
1232 3417 1334 3478 quam
1365 3404 1621 3465 Atheniensium
1644 3403 1826 3465 discordiae
1846 3403 1874 3461 in
1942 3455 1943 3490 ζ

656 3519 817 3580 memoria
835 3517 1026 3580 mortalium
1038 3533 1264 3594 permansura.
1277 3517 1412 3591 Equites
1422 3516 1569 3578 fabulam
1581 3519 1747 3594 praeferre
1758 3516 1875 3579 Avibus

656 3633 709 3695 vel
731 3633 1096 3710 Thesmophoriazusis,
1117 3633 1149 3694 id
1169 3636 1221 3694 881
1239 3633 1398 3694 frumenti
1416 3647 1520 3708 grans
1536 3633 1622 3693 rosis
1640 3632 1874 3709 anteponentis,
1942 3679 1943 3684 ,

656 3748 741 3820 quod
775 3747 839 3809 cibi
872 3747 947 3823 plus
979 3747 1125 3810 habeant
1155 3746 1222 3808 illa.
1255 3747 1343 3822 Quae
1373 3746 1493 3823 opinio,
1525 3747 1562 3806 ut
1592 3759 1762 3823 concessa,
1792 3746 1875 3806 sica

657 3877 831 3924 musarum
860 3862 1005 3923 dominio
1035 3865 1088 3923 est
1118 3861 1234 3922 aliena.
1265 3861 1420 3922 Pinsendi
1449 3875 1529 3921 sane
1560 3859 1611 3920 vel
1635 3861 1795 3935 coquendi
1817 3871 1875 3921 non

655 3981 736 4039 sunt
768 3977 879 4054 flores,
915 3992 1021 4052 neque
1055 3978 1195 4053 prosunt
1224 3975 1359 4038 rusticis
1390 3974 1567 4050 famelicis,
1603 3975 1661 4036 sed
1692 3973 1875 4036 mellificant
1942 3985 1943 4046 1

656 4092 731 4154 inde
765 4107 855 4168 apes.
886 4066 1014 4154 'Rerum
1048 4091 1302 4168 praeteritarum
1337 4090 1392 4164 qui
1426 4091 1505 4150 sunt
1539 4088 1673 4164 curiosi,
1706 4089 1739 4150 in
1769 4087 1877 4165 primis
1942 4157 1943 4160 Ἴ

656 4206 775 4269 comici
798 4206 951 4281 operibus
972 4205 1068 4282 plura
1085 4206 1253 4281 reperiunt
1272 4219 1355 4278 quae
1374 4205 1522 4279 ipsorum
1543 4203 1665 4264 studiis
1683 4203 1876 4266 conducant:
1942 4177 1943 4186 ἵ

655 4321 789 4383 discunt
817 4321 893 4381 inde
921 4319 1033 4397 plura;
1066 4319 1124 4381 sed
1154 4319 1237 4380 artis
1267 4333 1342 4379 oum
1372 4318 1467 4379 unice
1497 4316 1637 4380 habetur
1666 4319 1765 4396 18110,
1789 4317 1876 4391 longe

657 4435 887 4512 anteponenda
916 4435 960 4494 iis
989 4436 1041 4495 est
1071 4432 1434 4508 Thesmophoriazusae
1462 4431 1583 4493 fabula.
1613 4431 1749 4506 Equites
1772 4433 1876 4493 autem

656 4550 747 4610 illius
780 4550 863 4610 artis
895 4549 1025 4624 insigne
1059 4552 1112 4610 est
1141 4547 1333 4624 exemplum
1362 4561 1446 4622 quae
1475 4547 1537 4608 fuit
1569 4545 1663 4622 olim,
1691 4545 1876 4621 priusquam

656 4678 756 4723 musa
783 4663 895 4724 iocosa
923 4663 1045 4738 spretis
1076 4663 1200 4724 civium
1231 4661 1466 4722 controversiis
1495 4659 1651 4735 malignis
1679 4673 1729 4736 eo,
1757 4669 1877 4734 quone

657 4775 783 4837 Cratini
812 4777 942 4850 quidem
975 4776 1143 4851 ingenium
1174 4774 1368 4836 admirabile
1390 4776 1599 4850 pervenerat,
1627 4773 1740 4834 evexit
1761 4770 1876 4832 Aristo·

658 4891 810 4966 phanem.
833 4891 905 4952 Non
928 4890 1140 4965 degeneravit
1167 4893 1239 4952 tum
1263 4889 1446 4964 comoedia,
1471 4887 1590 4948 Bacchi
1608 4885 1718 4962 proles
1744 4884 1876 4956 lsscivs,

657 5005 716 5066 sed
749 5005 784 5065 in
817 5020 913 5066 verae
943 5004 1027 5064 artis
1056 5017 1158 5079 regno
1188 5002 1298 5079 aprico
1327 4999 1428 5062 libere
1458 4999 1583 5062 viribus
1612 5014 1674 5062 usa
1702 5000 1736 5060 in
1764 4997 1878 5060 melius
