4375 6284
652 965 717 1026 320
1090 977 1133 1022 na
1155 977 1263 1022 rnxrn
1285 976 1437 1023 omnmo.

652 1157 695 1216 At
717 1152 906 1229 plectuntur
928 1151 976 1212 sic
1000 1151 1132 1211 numeri
1155 1153 1188 1221 (ι)
1210 1153 1245 1212 et
1267 1150 1445 1226 sententia,
1469 1167 1534 1213 non
1557 1153 1647 1214 enim
1671 1155 1710 1214 ut
1722 1154 1861 1229 [οοιτσκτ

650 1266 709 1328 scd
740 1270 777 1326 ut
802 1265 894 1341 [αοοο
917 1265 1026 1341 magia
1048 1263 1143 1325 fleret
1165 1264 1247 1326 solia
1269 1265 1372 1327 radiis
1394 1281 1431 1327 se
1454 1267 1653 1342 exponebat.
1676 1269 1714 1329 In
1737 1267 1863 1330 Bokleri

650 1379 828 1440 anecdotis
850 1380 1015 1440 sinceram
1037 1378 1216 1440 lectionem
1240 1380 1369 1440 invenit
1391 1380 1518 1456 Bergk:
1543 1378 1791 1459 ἐχραινόμην.

695 1493 781 1554 Ρ1ο1.
812 1493 874 1554 521
907 1492 997 1553 idem
1028 1505 1145 1552 verum
1175 1493 1274 1568 vidit,
1305 1494 1517 1567 quodetiam
1541 1496 1722 1572 Kappeyne
1744 1499 1865 1558 nostras

649 1608 787 1668 invenit.
820 1607 888 1684 Quo
918 1606 989 1666 loco
1020 1605 1202 1682 Paupertas
1224 1612 1336 1682 rogat:
1360 1608 1389 1669 ai
1410 1624 1518 1670 οιπκοο
1539 1610 1647 1671 dictes
1667 1615 1768 1686 οινπί,
1790 1609 1866 1669 unm

649 1720 798 1782 babebitis
826 1713 991 1798 famulos?
1014 1720 1205 1796 Respondet
1225 1720 1442 1798 chremylus:
1465 1739 1606 1785 memor
1628 1721 1699 1786 eoa!
1720 1723 1779 1786 (lui
1799 1723 1865 1784 illa:

650 1839 683 1897 ot
705 1837 777 1911 quir
799 1835 984 1898 motoria
1009 1826 1076 1897 cat?
1099 1835 1184 1896 ‘ium
1208 1834 1409 1911 chremylus
1432 1852 1566 1899 rursus:

1342 1949 1513 2029 κερδαίνειν
1536 1949 1724 2030 βουλόμενός
1744 1973 1788 2023 τις

739 2061 868 2144 ἔμπορος
891 2063 974 2142 ἥκων
997 2061 1029 2123 ίκ
1054 2063 1228 2141 Θετταλίας,
1248 2062 1332 2141 παρὰ
1354 2064 1549 2125 πλείστων
1571 2063 1829 2142 ἀνδραποδιστῶν.

650 2177 820 2240 scribatur
842 2177 924 2258 παρὰ
946 2183 1114 2262 λῃστῶν,
1138 2180 1224 2253 quod
1247 2182 1377 2240 mature
1399 2187 1591 2256 corruptum
1614 2195 1689 2242 esse
1711 2181 1871 2242 testantur
1956 2208 1957 2253 r

650 2291 787 2355 scholia.
819 2293 902 2354 Nam
934 2308 953 2353 e
984 2293 1115 2354 verbis:
1148 2292 1384 2371 ,διαβάλλοντα
1415 2289 1448 2353 ci
1479 2293 1512 2352 oi
1540 2291 1679 2354 Θετταλοὶ
1703 2291 1746 2366 ὡς
1767 2291 1870 2369 ἀνδρα·

651 2403 820 2483 ,ποδισταλ
853 2402 906 2466 καί
939 2405 1159 2486 αἰσχροκερδεῖς
1192 2403 1244 2466 καί
1277 2403 1447 2467 ἄπιστοι·
1481 2404 1528 2466 δελ
1561 2405 1618 2486 γὰρ
1653 2405 1689 2466 τδι
1725 2407 1870 2467 Θετταλῶν

652 2517 843 2598 ,δπιστα,
872 2515 892 2598 ἡ
916 2521 1065 2600 παροιμία
1089 2520 1194 2598 φησίν·
1217 2518 1269 2580 καί
1292 2519 1467 2598 Εὐριπίδης
1490 2519 1523 2580 ἐν
1542 2515 1631 2581 Ἰνοῖ·
1654 2518 1762 2581 πολλοί
1782 2526 1871 2596 παρῐρ

652 2681 666 2710 ,
680 2650 748 2712 σαν,
778 2629 839 2694 ἀλλ’
872 2632 1037 2695 ἄπιστοι
1070 2635 1214 2695 Θετταλοί
1219 2637 1240 2663 ”
1266 2635 1391 2710 optimo
1415 2635 1485 2696 iure
1509 2635 1747 2696 Hemsterlruia
1770 2634 1871 2694 olfecit

649 2748 754 2810 luisse
777 2747 857 2809 olim
880 2747 1056 2811 lectionem
1081 2749 1223 2810 alteram
1246 2742 1328 2827 παρ’
1354 2746 1540 2826 ἀπίστων,
1562 2764 1660 2823 quam
1679 2750 1872 2825 pepererunt

648 2863 782 2923 litterae
822 2863 910 2924 male
952 2863 1075 2924 lectae:
1120 2862 1441 2922 ΠΑΡΑΛΗΙΣΤΩΝ
1474 2897 1515 2908 -
1551 2861 1872 2923 ΠΑΡΑΑΠΙΣΤΩΝ.

649 2977 770 3048 Verum
802 2981 914 3039 autem
938 2978 1132 3039 etiamnunc
1154 2980 1307 3053 superest
1328 2978 1362 3038 in
1385 2976 1586 3039 deteriorum
1611 2977 1872 3054 ,glossemate‘z

651 3095 847 3174 ‚lyncem
878 3099 937 3151 τῶν
961 3091 1032 3162 τοὺς
1056 3089 1243 3170 ἀνθρώπους
1267 3091 1483 3168 δεσμούνταν”
1507 3093 1542 3152 ct
1562 3092 1597 3152 in
1620 3091 1765 3153 alibrum
1787 3090 1872 3152 schir

648 3204 769 3266 librum
813 3203 941 3266 verbis:
988 3205 1211 3284 ,διεβάλλοντο
1319 3205 1353 3265 οί
1393 3201 1536 3265 Θετταλοί
1576 3201 1616 3276 ὡς
1651 3204 1873 3284 χαίροντες

651 3318 891 3402 ,λῃστείαις
918 3353 956 3362 -
981 3318 1014 3380 τὸ
1037 3328 1098 3380 τῶν
1123 3320 1277 3379 Θετταλῶν
1298 3317 1386 3399 γένος
1408 3320 1613 3402 λῃστείαις
1635 3317 1777 3396 ίχρῆτο”.

694 3433 822 3495 Vitiosa
854 3436 968 3494 autem
1001 3433 1102 3494 lectio
1136 3433 1282 3493 πλείστων
1317 3433 1481 3508 quomodo
1511 3435 1557 3494 sit
1586 3435 1666 3494 nata
1695 3433 1874 3495 luculenter

649 3551 745 3612 docet
773 3549 812 3628 V,
843 3552 877 3612 in
907 3565 972 3625 quo
1002 3552 1205 3626 praepositio
1228 3549 1311 3629 παρὰ
1333 3554 1413 3612 noto
1436 3551 1532 3626 signo
1555 3554 1609 3612 eat
1630 3553 1776 3629 scripta:
1800 3541 1873 3611 λιιι-

648 3684 727 3728 στων
750 3667 833 3729 abiit
855 3669 889 3729 in
912 3658 1093 3729 τῖπλειστων.

693 3783 780 3844 Plut.
815 3784 911 3844 1011.
942 3783 1068 3844 Iuventa
1095 3784 1161 3859 icto,
1194 3815 1233 3825 -
1265 3782 1398 3845 anicula
1420 3783 1572 3857 queritur
1601 3817 1631 3828 -
1660 3783 1718 3858 orci
1738 3785 1809 3845 ιὀκι
1828 3795 1874 3842 ιιι

648 3901 849 3974 aspernatur,
872 3897 947 3958 olim
969 3899 997 3959 ci
1019 3901 1172 3959 οιοιειοια
1193 3897 1317 3974 Moci,

916 4011 1100 4090 νιτάριον
1123 4007 1162 4069 ἂν
1184 4009 1235 4068 καί
1259 4010 1400 4087 βάττον
1422 4007 1621 4087 ὑπεκορίζετο.

650 4125 703 4186 Sic
732 4126 770 4203 R,
793 4125 827 4187 in
851 4141 914 4200 quo
940 4172 954 4201 ,
967 4123 1033 4203 εἴδη
1057 4126 1185 4202 φοτσν”
1209 4129 1262 4186 eat
1283 4125 1491 4186 adnotatum.
1515 4125 1674 4201 asperior
1695 4140 1799 4199 quam
1821 4137 1875 4200 pro

648 4239 794 4302 verbulis
821 4241 995 4301 amatoriis
1019 4241 1151 4302 videtur
1172 4240 1302 4316 spinula
1325 4254 1386 4300 nec
1408 4239 1493 4301 satis
1514 4240 1605 4301 noeti
1626 4239 1785 4298 κίεατταια
1808 4236 1873 4298 hor·

648 4355 750 4416 bam?
781 4355 921 4416 meliora
943 4353 1086 4415 fortasse
1110 4353 1201 4415 dabit
1222 4354 1261 4416 V.
1287 4353 1347 4429 Qui
1369 4368 1504 4415 versum
1529 4367 1596 4414 una
1619 4353 1748 4428 littera,
1773 4353 1874 4412 idest

649 4471 731 4532 vitio
754 4470 906 4546 metrico,
931 4468 1113 4530 auctiorem
1136 4467 1290 4545 praebet:

915 4581 1051 4660 νιτοίρεον
1073 4577 1099 4661 γ’
1124 4579 1172 4642 ἄν,

649 4703 694 4762 At
727 4700 761 4760 in
796 4698 947 4774 margine
981 4697 1095 4773 quales
1131 4696 1267 4759 exhibet
1300 4695 1497 4756 eruditionis
1530 4694 1724 4756 thesauros!
1761 4695 1871 4772 ,sym

648 4814 790 4877 machus
823 4813 903 4874 dicit
936 4813 1100 4874 Niterium
1135 4811 1177 4874 ob
1211 4809 1388 4872 mollitiem
1419 4809 1521 4887 carpi,
1552 4810 1633 4871 item
1665 4808 1810 4872 Batum”
1832 4837 1870 4848 -

648 4929 778 5003 aliaque
811 4927 845 4989 in
880 4927 1017 4988 scholiis
1052 4926 1208 5001 leguntur
1236 4939 1322 5000 quae
1351 4925 1500 4986 eiusdem
1531 4927 1609 4986 sunt
1638 4929 1749 4986 notae.
1780 4921 1872 4983 Prius

649 5041 844 5104 vocabulum
876 5041 908 5100 in
941 5041 1110 5116 integrum
1139 5039 1288 5101 restituit
1317 5037 1441 5100 Faber:
1473 5037 1700 5116 νηττάριον,
1731 5037 1871 5098 alterum
