4375 6284
497 2066 564 2143 De
589 2064 869 2143 fabularum
891 2064 1360 2160 Aristophanearum

749 2205 1111 2301 compositione.

358 2773 387 2833 A
422 2772 562 2833 canticis
593 2772 726 2833 initium
759 2772 875 2833 habuit
909 2772 1093 2845 comoedie;
1129 2771 1163 2831 iu
1198 2770 1296 2831 choro
1326 2769 1481 2845 primitus
1510 2771 1540 2831 ei

318 2884 451 2947 luerunt
472 2885 598 2963 omnia,
623 2886 697 2947 dein
719 2886 877 2963 plurime,
902 2886 1003 2947 etiam
1022 2888 1196 2961 postquam
1217 2884 1399 2946 certamina
1416 2884 1542 2946 comice

317 2998 400 3060 inter
431 2998 607 3061 sollemnla
635 3000 766 3074 publica
795 3002 875 3060 suut
904 3002 1045 3075 recepte.
1079 2998 1265 3075 „chorum”
1295 3001 1375 3060 tune
1397 3014 1417 3059 a
1440 2998 1540 3074 magl-

315 3114 421 3173 stratu
459 3112 657 3188 „petebant”
691 3117 809 3189 poetae
843 3114 1003 3175 eiusmodi
1039 3114 1209 3174 certarnen
1240 3112 1324 3173 inire
1353 3112 1541 3186 cupientes;

317 3226 496 3300 ¹„chorum”
535 3227 588 3288 hio
624 3226 766 3302 „dabat”
801 3228 905 3289 ternis
939 3227 1061 3304 poetis,
1096 3230 1212 3302 postea
1244 3226 1366 3303 quinis,
1400 3240 1538 3301 quorum

315 3338 444 3400 rabulae
474 3355 575 3403 scena
603 3342 721 3416 dignae
752 3343 783 3404 si
813 3343 1011 3405 viderentur.
1043 3343 1122 3404 Sine
1152 3343 1319 3404 actoribus
1343 3358 1417 3404 oum
1442 3343 1540 3403 choro

316 3453 365 3513 vel
387 3456 477 3516 inter
499 3470 536 3515 se
556 3455 815 3529 colloquentibus
833 3457 941 3532 prisea
960 3456 1071 3531 aliqua
1082 3456 1252 3517 comoedia
1264 3456 1401 3532 cogitari
1412 3458 1538 3531 potest:

314 3568 383 3629 sine
406 3570 509 3630 choro
531 3569 623 3630 nulle
646 3572 707 3631 est.

354 3683 471 3758 itaque
491 3684 730 3759 Aristophanes
749 3685 902 3760 operibus
920 3684 992 3746 suis
1011 3685 1147 3745 chorum
1166 3698 1333 3758 nunquam
1355 3698 1419 3745 non
1433 3684 1539 3744 immi·

314 3796 414 3871 souit;
440 3812 482 3858 ne
504 3800 577 3859 tum
601 3798 732 3872 quidem
757 3798 871 3859 omisit
893 3799 1029 3859 chorum
1053 3813 1129 3859 oum
1152 3800 1265 3874 partes
1288 3813 1370 3872 quas
1393 3798 1423 3859 ei
1441 3798 1539 3859 tribu·

314 3912 382 3969 eret
411 3912 472 3971 eut
501 3911 558 3972 vix
581 3910 669 3973 ullas
690 3912 838 3989 haberet,
864 3913 901 3972 ut
922 3912 957 3973 in
980 3912 1097 3988 Ranis,
1121 3914 1180 3972 eut
1201 3911 1311 3972 nullas
1334 3912 1478 3988 omnino,
1503 3914 1540 3972 ut

313 4027 344 4087 in
367 4024 476 4086 Pluto.

359 4134 456 4201 Olron'
494 4139 596 4216 igitur
628 4140 775 4202 introitus
807 4140 939 4202 initium
973 4140 1053 4201 facit
1087 4140 1285 4217 comoediae,
1319 4138 1420 4201 finem
1454 4140 1539 4200 chori

314 4256 420 4317 mlius.
452 4254 599 4315 Ludendi
630 4254 838 4316 occasionem
868 4254 1024 4330 praebere
1058 4254 1143 4317 solet
1166 4254 1257 4316 chori
1280 4269 1355 4316 oum
1380 4254 1539 4316 histrione

313 4370 362 4431 vel
393 4368 676 4431 hemiohoriorum
705 4370 792 4431 inter
821 4385 858 4431 ss
891 4404 930 4414 —
961 4373 999 4431 ut
1028 4372 1063 4431 in
1093 4370 1281 4446 Lysistrata
1304 4404 1345 4415 -
1369 4368 1537 4443 coelestim

313 4485 408 4547 choro
433 4484 556 4546 arbitro
579 4487 736 4545 certamen
756 4484 924 4546 velorum
946 4485 1061 4547 heberi
1082 4485 1180 4562 solet,
1206 4487 1239 4547 et
1261 4486 1295 4546 in
1313 4484 1404 4546 senis
1422 4487 1538 4561 poetae

314 4596 425 4659 fabula
455 4598 552 4659 Pluto
582 4604 750 4660 certamen
778 4598 869 4660 nullo
893 4598 1018 4661 arbitro
1041 4599 1162 4659 initum
1185 4632 1229 4642 —
1253 4614 1331 4659 nam
1355 4600 1450 4660 adest
1472 4600 1539 4673 qui-

315 4712 386 4774 dem
410 4713 544 4789 chorus,
569 4714 626 4775 sed
649 4712 742 4773 nulla
764 4713 837 4775 eius
859 4711 999 4774 habetur
1021 4714 1107 4774 ratio
1129 4746 1173 4755 -
1196 4713 1379 4775 luculenter
1396 4714 1539 4774 testatur

315 4842 387 4888 cum
410 4828 615 4903 temporibus
637 4828 744 4904 ipsam
768 4835 874 4889 artem
898 4828 1059 4889 comicum
1083 4828 1539 4891 essemutatem.1nlerludit

316 4941 451 5017 denique
479 4943 598 5004 chorus
624 4943 711 5004 luter
734 4941 920 5003 fabularum
946 4944 1040 5003 aolus
1062 4941 1178 5004 leudes
1201 4943 1336 5004 deorum
1361 4943 1477 5005 aliisve
1500 4943 1540 5004 de
