4375 6284
684 955 748 1015 134
1207 971 1248 1017 ns
1272 969 1396 1017 roseas

682 1142 798 1204 eodem
832 1158 914 1204 mox
944 1143 1084 1206 crimine
1115 1146 1284 1220 peteretur
1312 1146 1522 1219 mortemque
1551 1145 1671 1222 lueret,
1702 1145 1891 1208 Alcibiadem

680 1257 714 1317 in
738 1257 863 1318 ciuium
887 1257 1001 1319 odium
1023 1258 1247 1332 ultimumque
1270 1257 1482 1335 opprobrium
1506 1258 1646 1321 adduxit
1671 1261 1891 1334 mysteriorum
1964 1283 1965 1336 l

680 1371 769 1432 inter
792 1371 917 1432 amicos
940 1363 998 1447 per
1021 1371 1132 1432 iocum
1155 1370 1354 1433 violatorum
1380 1387 1495 1433 rumor
1514 1373 1674 1456 incertus,
1688 1407 1729 1418 -
1743 1377 1777 1434 et
1794 1376 1894 1434 temen
1964 1369 1965 1382 ¹

680 1481 846 1558 Dionysus
876 1483 964 1545 ludis
993 1483 1138 1560 publicis
1164 1484 1199 1545 in
1229 1483 1336 1561 ipsius
1365 1485 1524 1548 honorem
1555 1485 1806 1561 religiosissime
1827 1487 1895 1549 cele·
1964 1547 1965 1572 χ

681 1595 786 1657 bratis
816 1597 857 1658 ab
887 1597 1046 1672 Eupolide
1069 1597 1219 1659 exhiberi
1241 1599 1349 1674 potuit
1372 1598 1530 1677 imbellis,
1556 1599 1711 1676 stolidus,
1736 1602 1837 1662 armis
1856 1601 1897 1661 uli
1964 1655 1965 1676 ,

681 1710 743 1770 sub
777 1725 894 1771 severo
928 1711 1119 1775 centurione
1153 1712 1299 1788 discens,
1336 1710 1378 1772 ab
1410 1713 1636 1788 Aristophane
1670 1714 1839 1792 improbus
1867 1719 1895 1775 et

681 1824 828 1885 mendax
869 1825 903 1884 et
943 1825 1113 1898 quodlibet
1151 1827 1346 1901 perpetrans
1387 1840 1452 1900 quo
1493 1824 1607 1902 flagris
1648 1841 1684 1888 se
1725 1831 1897 1905 praestaret
1964 1877 1965 1908 ἢ

682 1937 929 2013 dignissimum.
1964 1927 1965 1972 ¹

726 2050 752 2111 0
788 2051 920 2111 varium
957 2051 1213 2114 Atheniensium
1248 2051 1417 2128 ingenium
1454 2054 1487 2114 et
1517 2052 1551 2113 in
1582 2054 1749 2116 contraria
1776 2069 1899 2130 semper
1964 2125 1965 2146 χ

683 2165 860 2225 aestuaret

725 2389 814 2451 Nihil
837 2393 910 2452 erat
931 2392 967 2452 in
989 2394 1061 2453 arte
1084 2391 1248 2468 Euripidis
1270 2393 1357 2467 quod
1381 2394 1596 2471 Aristophani
1622 2394 1719 2456 laude
1741 2395 1901 2457 videretur

682 2504 833 2581 dignum,
865 2505 948 2566 nihil
980 2508 1070 2567 certe
1100 2507 1187 2579 quod
1217 2506 1328 2568 sciens
1357 2507 1541 2583 lubensque
1571 2506 1732 2570 laudaret.
1764 2507 1817 2570 Sic
1837 2505 1900 2568 heri

683 2618 792 2695 potuit
825 2621 863 2678 ut
896 2619 1044 2681 comicus
1077 2619 1266 2695 Euripidem
1300 2635 1375 2682 cum
1410 2619 1550 2696 fingeret
1582 2621 1653 2682 suis
1687 2621 1792 2698 ipsius
1829 2618 1900 2681 telis
1964 2633 1965 2668 l

685 2731 891 2808 confossum,
922 2732 1024 2793 etiam
1051 2732 1214 2794 eiusmodi
1246 2748 1363 2795 versus
1390 2737 1566 2811 usurparet
1588 2751 1631 2796 ex
1654 2735 1727 2796 eius
1749 2733 1903 2795 dramatis
1964 2773 1965 2818 p

684 2845 870 2921 desumus,
906 2845 976 2922 qui,
1011 2844 1077 2905 nisi
1107 2847 1279 2908 accederet
1308 2848 1459 2910 studium
1489 2848 1657 2923 quaelibet
1685 2845 1902 2925 vituperandi,

683 2974 750 3020 non
772 2959 940 3034 potuerint
962 2959 1152 3035 improbari.
1177 2961 1230 3022 Sic
1253 2961 1354 3023 verba
1964 2975 1965 2978 ’

908 3073 1042 3148 ‚iurata
1063 3072 1193 3149 lingua:
1218 3076 1344 3137 mansit
1365 3076 1510 3137 iniurato
1531 3078 1667 3138 mensl”

684 3200 760 3246 cum
795 3200 813 3246 e
844 3188 1005 3247 contextu
1040 3187 1156 3249 evulsa
1191 3189 1239 3250 sic
1273 3189 1363 3250 nuda
1391 3189 1612 3266 proferuntur,
1647 3191 1904 3253 iuramentorum
1964 3251 1965 3262 q

682 3300 900 3361 sanctitatem
923 3302 958 3360 et
979 3299 1078 3362 iidem
1101 3301 1252 3363 tollentis
1276 3303 1380 3364 videri
1403 3305 1553 3379 possunt.
1580 3305 1627 3365 At
1650 3305 1725 3378 quis
1745 3321 1784 3366 sa
1806 3304 1904 3365 dicit?

683 3414 754 3474 Non
778 3413 850 3488 ipse
872 3415 1020 3490 proiecto
1043 3419 1141 3491 poeta
1164 3432 1206 3477 ex
1236 3417 1341 3477 animi
1364 3417 1417 3477 sui
1443 3417 1611 3478 sententie
1633 3418 1683 3479 ito
1704 3417 1838 3480 locutus
1860 3419 1906 3478 est

682 3543 738 3589 ore
757 3526 899 3588 alicuius
918 3527 1046 3605 herois,
1066 3529 1125 3590 sed
1142 3529 1344 3607 Hippolytus
1364 3533 1436 3591 tum
1457 3545 1532 3592 cum
1552 3531 1778 3607 indignatione
1794 3534 1907 3595 furens

682 3641 760 3717 quid
783 3641 907 3703 diceret
924 3643 979 3702 vix
1004 3644 1105 3705 otiam
1129 3645 1232 3706 sciret
1257 3644 1497 3722 „Imprudens”
1513 3679 1552 3691 -
1573 3646 1620 3708 ait
1641 3680 1682 3690 —
1708 3649 1905 3723 ,taciturum

686 3771 759 3830 ,mo
781 3758 933 3834 promisi,
964 3772 1029 3819 non
1060 3759 1231 3820 iuraturus
1261 3760 1290 3820 si
1323 3759 1477 3834 reiquae
1507 3760 1668 3836 agebatur
1690 3763 1743 3824 vel
1771 3763 1908 3824 minime

685 3870 870 3946 ‚potuisset
901 3886 976 3933 esee
1004 3872 1190 3948 suspiciol”
1214 3875 1259 3935 At
1280 3875 1457 3948 postquam
1484 3875 1526 3936 ad
1552 3890 1589 3936 se
1611 3875 1723 3954 rediit,
1747 3876 1906 3938 iusiuran-

682 3983 762 4044 dum
794 3985 1008 4059 quantumvis
1038 3986 1171 4048 incaute
1195 3987 1310 4048 datum
1335 3989 1550 4051 sanctissime
1572 3994 1698 4067 servat,
1722 3993 1909 4068 turpissimi

681 4095 797 4171 flagitii
832 4099 1064 4160 insimulatum
1100 4101 1238 4176 epatre
1269 4101 1424 4163 devoveri
1455 4105 1488 4163 et
1517 4103 1551 4164 in
1585 4103 1723 4166 exilium
1754 4105 1846 4169 trudi
1875 4120 1909 4166 se

682 4212 812 4289 patiens
830 4212 924 4287 prius
942 4216 1043 4287 quani
1062 4212 1162 4275 iidem
1180 4216 1310 4276 iuratus
1331 4215 1443 4276 violet.
1465 4215 1569 4291 Quam
1589 4219 1695 4279 animi
1713 4217 1908 4281 firmitatem

681 4328 773 4387 casto
804 4340 917 4388 amore
946 4327 977 4386 ei
1007 4327 1158 4402 rependit
1187 4326 1303 4389 Diana.
1334 4329 1449 4404 Itaque
1479 4329 1735 4394 fundamentum
1767 4333 1912 4396 dramati

680 4440 907 4500 substructum
939 4442 991 4500 est
1020 4441 1189 4517 religionis
1220 4442 1468 4504 conservandae
1497 4442 1658 4522 officium,
1690 4448 1723 4507 et
1746 4447 1912 4525 Euripidis

681 4553 816 4614 deliciae
846 4553 1030 4615 Phaedram
1062 4559 1142 4616 dum
1172 4557 1371 4619 miseremur
1402 4561 1436 4619 et
1464 4573 1569 4633 paens
1599 4559 1770 4636 diligimus
1797 4577 1910 4624 veram

681 4667 855 4744 feminam,
879 4672 918 4729 ut
940 4668 1043 4729 etiam
1066 4669 1235 4746 Hippolyti
1262 4671 1430 4734 calumnia
1452 4673 1600 4748 oppressi
1623 4673 1768 4749 aliquam
1794 4677 1913 4738 habea·

681 4795 757 4840 mus
787 4796 903 4842 curam
933 4783 1148 4857 quantumvis
1174 4784 1237 4845 sibi
1260 4785 1424 4860 placentis
1446 4788 1547 4860 utque
1570 4787 1717 4848 insontis
1739 4789 1915 4852 doleamus

680 4895 871 4971 interitum,
889 4896 962 4970 ipsa
980 4911 1019 4957 ea
1037 4897 1137 4958 etheit
1156 4896 1231 4959 idei
1248 4899 1431 4960 servandae
1448 4903 1646 4978 constantia,
1665 4917 1749 4976 quae
1767 4907 1916 4967 testatur

680 5022 746 5069 nou
769 5007 946 5070 verbosum
970 5012 1102 5073 tantum
1127 5027 1201 5074 esse
1227 5012 1286 5074 sed
1310 5015 1345 5074 et
1365 5027 1573 5089 generosum.
