4375 6284
684 959 749 1020 324
827 931 836 942 ’
1120 976 1162 1022 nn
1185 977 1469 1025 aurumne.

727 1147 875 1208 'Pertium
897 1147 1088 1224 exemplum
1113 1151 1184 1210 esto
1206 1149 1293 1211 Plut.
1321 1151 1417 1227 1170,
1442 1150 1499 1211 ubi
1522 1154 1556 1212 et
1578 1151 1613 1212 in
1636 1150 1719 1213 Vet
1737 1151 1772 1212 in
1792 1151 1891 1212 Reat:

903 1255 939 1320 ἵν’
966 1257 1081 1332 εὐθέως
1105 1261 1279 1334 διακονικὸς
1302 1257 1383 1323 εἶναί
1403 1285 1468 1340 μοι
1492 1263 1584 1348 δοκῇς
1602 1261 1635 1335 ¹).

725 1493 974 1564 Frequentiores
992 1494 1072 1553 sunt
1084 1507 1215 1569 versus,
1236 1493 1294 1554 ubi
1304 1496 1479 1555 extrusum
1492 1497 1544 1555 ost
1557 1494 1696 1556 verbum
1708 1493 1892 1569 genuinum,

680 1608 718 1666 ut
739 1607 885 1681 spatium
906 1604 1001 1667 tieret
1023 1607 1148 1682 spurio.

724 1719 835 1793 Viam,
867 1733 931 1792 qua
961 1718 1190 1779 huiuscemodi
1213 1719 1297 1779 vitia
1321 1718 1538 1797 irrepserunt,
1562 1722 1731 1782 munitam
1753 1720 1893 1782 videmus

678 1831 731 1892 ubi
751 1832 1085 1908 interpretamentum
1106 1829 1247 1893 habetur
1264 1847 1323 1907 pro
1339 1833 1482 1894 lectione
1496 1834 1611 1894 altera.
1624 1834 1710 1895 Nam
1721 1834 1893 1910 periculum

677 1948 749 2006 erat
771 1960 812 2007 ne
836 1945 942 2006 altera
963 1945 1022 2006 illa
1039 1944 1138 2006 lectio
1160 1960 1241 2006 mox
1258 1947 1366 2021 potior
1384 1946 1553 2009 videretur
1568 1949 1604 2008 et
1620 1948 1791 2011 mentione
1808 1949 1893 2008 unios

678 2059 787 2134 digna.
811 2059 846 2121 Ε.
871 2075 902 2134 g.
926 2058 1012 2120 Plut.
1041 2060 1104 2120 106
1127 2060 1162 2120 tn
1185 2059 1214 2117 V
1235 2058 1399 2135 legimus:
1970 2146 1971 2149 Ἴ

899 2170 941 2249 μὰ
963 2170 1015 2232 τὸν
1039 2167 1094 2233 δί’·
1118 2170 1156 2233 οὗ
1179 2171 1236 2252 γάρ
1260 2170 1340 2232 ἐστιν
1362 2169 1452 2245 ἄλλος
1474 2171 1554 2252 πλὴν
1576 2172 1645 2255 ἐγώ.
1712 2197 1758 2256 γρ.
1781 2174 1852 2253 ἐμοῦ

677 2285 750 2347 Noli
780 2287 924 2363 credere,
958 2302 1036 2347 nam
1067 2286 1207 2348 meliora
1236 2289 1332 2349 docet
1363 2288 1404 2363 R,
1436 2289 1470 2349 in
1500 2304 1564 2363 quo
1595 2290 1799 2366 adscriptum
1831 2293 1893 2350 est:

676 2397 765 2460 ἀντὶ
791 2409 860 2460 τοῦ
886 2398 970 2477 ἐμοῦ.

720 2514 906 2590 Utrumque
930 2515 1076 2576 codicem
1099 2515 1223 2576 similis
1245 2531 1337 2578 error
1358 2517 1484 2577 invasit
1504 2516 1590 2578 Plut.
1617 2519 1721 2579 1093:

720 2627 826 2688 ἱκανὸν
848 2627 906 2708 γὰρ
929 2626 1026 2705 αὐτὴν
1049 2628 1196 2708 πρότερον
1218 2625 1420 2700 ὗπὲπιπονῆ
1442 2627 1562 2709 χρόνον.
1628 2653 1673 2710 γρ.
1696 2628 1864 2710 mices

676 2742 730 2802 Sic
752 2742 798 2817 V;
822 2743 905 2805 item
929 2743 957 2803 R
980 2743 1014 2803 in
1037 2742 1190 2804 scholiis:
1213 2765 1259 2823 γρ.
1282 2741 1333 2802 καὶ
1351 2740 1530 2824 imarum.
1550 2745 1657 2806 iserae
1676 2746 1894 2821 nugao.01im

673 2927 737 2989 fuit
762 2859 950 2987 ὑπιεῗίζὲυν.

718 3040 838 3102 'textui
870 3042 958 3101 certe
986 3039 1070 3100 locis
1101 3039 1200 3100 modo
1229 3039 1374 3101 laudatis
1395 3041 1449 3101 vis
1472 3055 1537 3103 non
1561 3044 1615 3102 est
1637 3039 1740 3101 illata.
1764 3041 1800 3102 ld
1822 3055 1893 3102 uero

672 3156 750 3215 ante
780 3154 894 3215 oculos
923 3155 1057 3214 nostros
1079 3153 1113 3214 in
1137 3153 1165 3213 R
1190 3152 1262 3213 flori
1284 3153 1438 3214 videmus
1460 3153 1593 3215 Thesm.
1618 3155 1701 3228 4933
1726 3154 1782 3214 ubi
1803 3153 1891 3214 libra·

672 3271 742 3332 rius
763 3269 870 3330 dedit:

894 3375 962 3443 οὐδ’
988 3378 1028 3452 ὡς
1051 3378 1124 3440 ὅταν
1147 3373 1269 3456 μάλισθ’
1294 3377 1355 3440 ὑπό
1378 3402 1432 3441 του
1457 3380 1643 3458 teudardo.

673 3497 755 3574 Quid
774 3497 962 3558 corrector?
980 3496 1124 3556 Litteras
1143 3509 1226 3569 quas
1241 3494 1385 3555 stellulis
1408 3494 1631 3557 indicavimus
1648 3495 1753 3556 erasit
1770 3493 1887 3563 sedulo,

672 3612 746 3672 dein
781 3625 896 3671 earum
931 3609 1002 3671 loco
1033 3609 1166 3684 scripsit
1195 3630 1255 3683 κιν,
1285 3623 1346 3669 nec
1380 3609 1448 3669 iam
1480 3623 1579 3669 verae
1608 3609 1764 3670 iectionis
1792 3607 1887 3668 ullum

671 3727 802 3786 extaret
832 3723 1012 3798 vestigium
1037 3756 1078 3766 -
1102 3736 1180 3782 nam
1205 3738 1223 3783 e
1246 3723 1318 3783 soio
1343 3722 1373 3782 R
1395 3722 1482 3783 hanc
1504 3722 1653 3783 fabulam
1676 3723 1830 3784 novimus
1849 3751 1886 3763 -

670 3840 736 3900 nisi
769 3839 854 3899 torte
884 3837 1018 3898 iomuna
1047 3836 1134 3912 apud
1164 3835 1300 3897 suidam
1331 3838 1469 3897 servata
1498 3839 1604 3898 esset:
1634 3838 1827 3914 ληκώμεθα.
1852 3832 1884 3892 Id

670 3954 772 4029 igitur
800 3951 979 4027 scripserat
1005 3948 1174 4024 librarius,
1205 3951 1371 4011 corrector
1393 3965 1473 4011 vero
1495 3950 1650 4026 exemplo
1673 3965 1757 4012 usus
1778 3951 1887 4022 inquo

894 4065 1015 4118 κινύμιθα

668 4132 840 4210 legebatur
868 4131 1046 4208 ληκώμεθα,
1075 4145 1134 4205 pro
1166 4130 1399 4191 emendatione
1422 4130 1538 4191 habuit
1560 4132 1885 4206 interpretamentum

669 4249 760 4310 verbi
790 4246 853 4308 sibi
883 4245 1001 4321 ignoti,
1032 4245 1118 4319 quod
1149 4244 1308 4304 vitiosum
1339 4243 1489 4305 ducebat.
1519 4243 1634 4320 Ipsum
1661 4249 1774 4306 autam
1796 4245 1882 4304 intar-

668 4363 916 4437 prstamentum
940 4357 1021 4419 illud
1044 4373 1062 4419 e
1084 4355 1244 4436 βινώμεθα
1267 4358 1316 4428 (ut
1338 4357 1475 4428 assolet)
1499 4362 1691 4433 corruptum
1715 4361 1776 4418 est.

712 4475 775 4536 Hic
798 4475 899 4549 igitur
926 4465 969 4531 ἐπ’
995 4469 1164 4555 αὐτοφώρῳ
1187 4472 1384 4546 deprensum
1408 4473 1563 4532 tenemus
1586 4469 1789 4532 maleficum:
1810 4462 1880 4527 alibi

666 4590 825 4651 delictum
854 4588 907 4647 est
937 4587 1174 4662 perpetratum.
1206 4584 1260 4645 Sic
1289 4584 1347 4658 idq.
1379 4585 1445 4646 669
1472 4582 1696 4659 Paphlagonis
1723 4584 1882 4644 senatores

667 4702 844 4764 retinentis
868 4698 970 4761 verba
992 4699 1076 4759 haec
1096 4701 1193 4759 aunt:
1217 4698 1408 4774 opperierint
1425 4712 1616 4774 parumper,
1635 4713 1756 4772 precor,

699 4981 708 5014 ι
738 5011 747 5022 ,
916 5015 923 5028 ‚

696 4983 720 5122 *ζ
735 4981 978 5122 Ἷιίῐῖἰοξιοῦἰζηξίω
996 5063 1037 5108 ost
1054 5059 1183 5107 onium
1198 5070 1247 5119 pro
1263 5061 1414 5113 insutum,
1430 5057 1501 5117 qnod
1518 5055 1626 5104 aliunde
1643 5059 1685 5104 sot
1699 5055 1844 5104 monn·
