4375 6284
651 851 714 911 152
1166 865 1206 908 on
1229 863 1354 909 181111

649 1038 801 1115 libertos,
831 1038 890 1099 sed
914 1041 1006 1099 certa
1028 1036 1100 1112 lege
1124 1051 1239 1098 amare
1262 1036 1353 1098 cives
1375 1035 1540 1098 iubentur.
1571 1037 1654 1098 Nam
1678 1038 1728 1098 sic
1748 1039 1864 1099 temere
1962 1013 1963 1082 ἶ

650 1151 856 1227 cupidinibus
875 1150 1010 1224 obsequi
1029 1149 1058 1210 81
1076 1147 1205 1226 liceret,
1229 1149 1380 1211 venustis
1398 1149 1518 1225 puellis
1538 1152 1571 1211 et
1590 1149 1766 1212 iuvenibus
1784 1150 1864 1210 deco·
1962 1211 1963 1238 ,

650 1266 697 1325 118
715 1266 876 1326 maiorem
896 1263 966 1324 iore
985 1277 1080 1338 spem
1099 1261 1271 1323 felicitatis
1288 1277 1389 1336 quam
1409 1262 1451 1323 iis
1469 1262 1590 1338 quibus
1608 1264 1720 1324 minus
1737 1263 1868 1324 18118881
1962 1257 1963 1326 ζ

649 1381 783 1454 natura,
806 1378 856 1438 sic
878 1379 1033 1438 autema
1055 1389 1142 1436 noro
1161 1390 1289 1449 quoque
1311 1376 1359 1436 rei
1382 1374 1531 1452 publicae
1550 1378 1642 1437 statu
1660 1376 1751 1438 aiore
1771 1376 1867 1449 aequi·
1962 1403 1963 1418 1

649 1494 757 1552 tatem
779 1489 886 1567 illam,
910 1504 1009 1565 quam
1033 1488 1157 1550 dudum
1181 1490 1279 1551 enixe
1301 1488 1514 1564 flagitassent
1537 1489 1672 1566 plurimi
1695 1493 1729 1551 et
1753 1491 1868 1566 optimo
1962 1507 1963 1516 ³

651 1606 783 1680 quidem
805 1605 877 1666 iure
894 1604 1112 1680 flagitassent.
1133 1603 1246 1664 Gedito
1266 1604 1367 1679 igitur
1386 1605 1540 1666 iuventas
1558 1606 1661 1666 aetati
1680 1603 1869 1680 provectiori

651 1723 686 1781 et
713 1720 821 1782 forma
851 1719 960 1779 oedito
989 1717 1210 1779 deformitatil
1242 1718 1296 1779 Sic
1325 1718 1408 1779 nulli
1431 1719 1612 1780 verendum
1636 1719 1700 1779 erit
1723 1734 1766 1780 ne
1788 1718 1871 1780 solue

651 1835 685 1894 in
708 1835 780 1895 rita
802 1831 1017 1906 relinquatur.

696 1946 788 2008 Haec
817 1959 946 2020 quoque
976 1945 1032 2006 lex
1062 1959 1164 2019 quam
1195 1947 1242 2006 811
1271 1947 1364 2007 utilis
1394 1961 1475 2007 mox
1497 1947 1643 2022 apparet.
1666 1944 1768 2007 Venit
1789 1946 1871 2006 euim

651 2059 782 2120 iuvenis
810 2057 924 2135 pulcer
954 2056 995 2117 ad
1026 2057 1164 2118 domum
1194 2057 1324 2133 puellae
1353 2058 1508 2135 dilectae,
1533 2060 1635 2134 utque
1656 2057 1721 2118 sibi
1742 2057 1872 2119 ianuam

652 2172 778 2248 aperiat
807 2172 967 2247 precatur.
996 2171 1040 2230 At
1070 2184 1129 2246 per
1157 2170 1283 2232 ostium
1312 2185 1388 2232 cum
1411 2171 1521 2246 prodit
1542 2169 1614 2246 illa,
1638 2170 1773 2232 obsistit
1794 2183 1873 2231 anus

652 2286 776 2365 vicina,
795 2284 878 2346 iacis
897 2285 1044 2346 marcida
1062 2284 1095 2346 et
1112 2284 1235 2345 1118818.
1257 2285 1326 2344 Sibi
1344 2284 1426 2346 haec
1444 2287 1551 2361 poscit
1569 2284 1724 2345 iuvenem
1743 2285 1780 2344 et
1797 2282 1872 2344 reni·

651 2399 738 2459 tentl
757 2413 878 2460 noram
897 2399 1005 2475 legem
1026 2397 1155 2460 recitat.
1174 2397 1289 2459 Puella
1306 2412 1383 2460 vero
1405 2398 1520 2475 ,Mitte
1538 2398 1640 2460 istum
1650 2399 1681 2458 l”
1698 2395 1825 2459 clamat
1836 2427 1872 2440 —

654 2526 734 2572 nam
757 2510 926 2572 sollertem
949 2510 1029 2573 iecit
1051 2524 1145 2572 amor
1169 2531 1228 2576 -:
1255 2514 1383 2587 ‚mater
1405 2513 1477 2572 eius
1499 2526 1573 2574 esse
1594 2511 1726 2587 potesl”

701 2625 828 2701 Nempe
857 2625 919 2686 hoe
949 2639 1077 2700 quoque
1100 2629 1153 2686 est
1175 2626 1209 2686 iu
1233 2640 1321 2686 nova
1342 2624 1432 2700 lege:
1458 2640 1544 2701 ,uon
1566 2625 1645 2687 licet
1665 2639 1737 2687 rem
1760 2624 1875 2685 habere

660 2755 756 2816 ,cum
790 2754 829 2800 eo
852 2738 906 2799 vel
929 2754 1005 2800 oum
1028 2753 1069 2800 ea
1091 2739 1185 2800 ouius
1207 2740 1267 2800 aut
1289 2755 1407 2814 parens
1430 2754 1504 2800 esse
1525 2739 1636 2815 possis
1657 2741 1717 2800 aut
1737 2738 1875 2816 proles.”

656 2854 698 2914 Et
727 2855 760 2914 in
791 2854 919 2930 optima
948 2853 1006 2914 1118
1029 2853 1177 2929 11111818,
1202 2867 1302 2927 quam
1326 2853 1456 2914 institui
1479 2854 1578 2915 iussit
1600 2853 1753 2916 Socrates
1776 2853 1875 2914 Plato·

656 2969 764 3044 nicus,
788 2982 904 3029 revera
926 2967 976 3028 sic
998 2966 1071 3042 lege
1094 2969 1147 3028 est
1169 2969 1316 3028 cautum.

701 3081 770 3158 Quo
800 3083 996 3157 argumento
1026 3084 1117 3143 ricta
1147 3081 1234 3142 cedit
1262 3080 1392 3159 paelex,
1417 3081 1475 3142 sed
1498 3082 1613 3158 ,Haud
1636 3083 1773 3159 impune
1795 3083 1876 3144 feres

655 3196 757 3258 hoct'’
789 3195 997 3271 vociferatur,
1034 3196 1068 3255 et
1100 3194 1293 3270 priusquam
1329 3194 1418 3256 abire
1453 3197 1581 3271 possint
1615 3199 1783 3273 amantes,
1819 3199 1876 3257 ter·
1962 3249 1963 3266 ,

655 3310 738 3371 tiam
772 3308 939 3370 aemulam
969 3309 1105 3369 adducit
1130 3311 1201 3370 tam
1233 3309 1455 3384 grandaevam
1489 3311 1526 3370 ut
1555 3309 1631 3371 8118
1652 3309 1785 3371 iuvenis
1806 3323 1876 3370 esse

656 3425 763 3501 possit
791 3425 949 3506 fortasse,
980 3438 1045 3484 non
1076 3428 1196 3485 mater.
1221 3424 1312 3485 Haec
1336 3440 1439 3486 manu
1462 3440 1537 3487 eum
1562 3424 1824 3501 comprehendit,
1846 3424 1877 3484 11
1962 3455 1963 3502 g

656 3539 729 3614 cogi
750 3553 787 3599 sa
809 3537 933 3599 frustra
956 3541 1187 3612 conquestum.
1212 3536 1272 3599 Cui
1296 3539 1442 3600 amatrix
1466 3538 1683 3600 venerabilis:
1711 3539 1801 3615 ,Nou
1820 3553 1877 3614 ego

656 3657 691 3713 te
724 3667 819 3728 cogo,
854 3652 912 3713 sed
946 3651 1038 3716 lex.'’
1073 3653 1236 3728 Suprema
1267 3657 1319 3714 est
1350 3653 1461 3728 legum
1492 3652 1549 3714 illa
1579 3653 1757 3714 maiestas!
1782 3655 1876 3713 -et
1962 3665 1963 3682 ¹

657 3767 825 3828 misellum
847 3767 1018 3828 hominem
1040 3781 1154 3829 secum
1177 3767 1344 3829 trahit...

701 3883 748 3942 At
769 3881 949 3943 retrahitur
969 3880 1026 3941 ille
1038 3924 1046 3940 .
1060 3925 1090 3942 ..

791 4029 832 4039 -
860 3995 905 4071 ,0
928 3995 1079 4069 quisquis
1102 4009 1155 4072 es,
1179 3994 1306 4056 iactum
1330 3996 1429 4057 bene!
1455 3995 1570 4057 Habeo
1593 3996 1754 4074 gratiam,

793 4108 905 4185 ,(1181
928 4109 1088 4185 disperire
1110 4124 1176 4170 non
1198 4109 1284 4170 sinis
1306 4110 1442 4171 miseris
1463 4111 1612 4170 modisl”

659 4257 699 4266 -
725 4223 825 4299 eheu,
850 4237 1009 4283 converso
1032 4221 1139 4298 capite
1162 4237 1285 4283 novam
1310 4221 1450 4298 adspicit
1472 4221 1754 4298 amasiunculam,
1777 4222 1877 4284 multo

656 4337 758 4398 etiarn
787 4337 897 4412 magis
926 4335 1142 4412 decrepitam,
1175 4333 1282 4398 multo
1314 4336 1517 4398 taetriorem.
1540 4335 1601 4398 Illa
1622 4336 1760 4399 lecticae
1783 4351 1875 4412 quam

656 4449 741 4511 lecto
777 4449 949 4510 videbatur
982 4449 1099 4526 aptior,
1134 4449 1217 4510 haec
1251 4465 1330 4511 raro
1360 4449 1400 4510 81)
1430 4448 1547 4510 inferis
1576 4451 1728 4512 emersit:
1764 4449 1877 4512 mulier
1962 4515 1963 4520 1

657 4578 723 4625 non
754 4565 819 4639 eet,
850 4565 903 4624 881
932 4565 1081 4640 excetra,
1112 4563 1219 4642 18118,
1244 4563 1361 4624 lamia!
1390 4562 1460 4625 Vae
1482 4563 1606 4625 misero
1628 4565 1726 4642 milri,
1752 4578 1875 4626 succur-

655 4677 719 4739 rite
741 4677 847 4738 oivesl
862 4723 870 4738 .
884 4723 913 4738 ..

701 4790 764 4851 Sed
794 4806 860 4851 non
889 4791 1104 4869 succurritur,
1136 4807 1242 4867 neque
1272 4792 1416 4853 missum
1442 4791 1522 4853 18811
1545 4792 1654 4854 amica
1676 4805 1816 4869 annosa,
1838 4789 1876 4851 ab

656 4904 761 4966 altera
782 4907 894 4966 autem
917 4908 1012 4981 parte
1034 4903 1175 4968 firmiter
1197 4908 1291 4969 tenet
1312 4920 1395 4982 quae
1417 4907 1505 4983 prior
1529 4905 1687 4984 captavit,
1711 4905 1876 4968 81811118
