4375 6284
673 959 715 1020 34
1188 977 1231 1022 nn
1253 976 1379 1022 romu

669 1145 826 1222 scenicis,
856 1161 920 1207 non
943 1141 1054 1207 famae
1077 1146 1237 1209 obscurae
1259 1148 1393 1208 iuvenis
1415 1150 1450 1208 et
1471 1162 1576 1223 paene
1599 1164 1694 1228 puer,
1719 1152 1779 1214 ssd
1801 1153 1893 1215 laude

670 1261 795 1322 recenti
825 1263 962 1321 ornatus
991 1263 1089 1336 poeta
1120 1260 1312 1335 civibusque
1342 1264 1510 1336 acceptus.
1540 1260 1722 1324 callistrati
1744 1263 1894 1328 cleonem

671 1375 779 1436 denuo
812 1375 977 1436 lacessere
1007 1375 1195 1434 recusantls
1228 1375 1316 1436 baud
1346 1390 1509 1450 quaquam
1541 1378 1772 1450 requirebatur
1802 1395 1896 1457 opera

671 1492 729 1549 aut
752 1504 889 1550 nomen:
920 1503 982 1549 suo
1009 1487 1075 1548 iam
1099 1487 1243 1562 paritulo
1265 1490 1309 1567 ls,
1334 1491 1390 1564 qui
1412 1489 1590 1565 scripserat
1611 1490 1773 1570 fabulam,
1796 1495 1892 1570 magi·

670 1604 788 1665 stratui
812 1604 985 1665 oblaturus
1009 1604 1081 1663 erat
1105 1605 1152 1679 et,
1177 1603 1207 1663 si
1230 1602 1447 1681 reciperetur,
1472 1603 1642 1666 docturus.

715 1719 795 1780 Odlo
825 1719 1020 1778 oocaecatur
1050 1715 1243 1776 mortalium
1273 1731 1380 1778 mens.
1411 1716 1496 1777 Pieri
1519 1731 1585 1778 non
1607 1719 1717 1793 potuit
1739 1723 1778 1780 ut
1800 1724 1892 1796 poeta

668 1847 809 1906 aequam
830 1831 931 1892 terret
953 1829 1157 1890 sententiam
1180 1830 1221 1890 de
1245 1829 1315 1890 viro
1337 1830 1410 1907 illo,
1434 1831 1530 1892 cuius
1551 1831 1663 1893 studia
1681 1836 1716 1893 et
1736 1834 1890 1909 consilia,

671 1947 766 2006 cuius
797 1961 863 2007 vox
895 1947 929 2005 et
958 1945 1029 2019 ipse
1061 1943 1174 2005 vultus
1204 1946 1377 2020 tantopere
1407 1945 1471 2005 sibi
1493 1943 1715 2021 displicerent
1743 1947 1893 2009 llsrcato

670 2077 741 2123 rem
764 2060 861 2120 illum
884 2057 1047 2119 incultum
1072 2058 1258 2120 clamosum
1282 2058 1545 2121 abominabatur.
1576 2047 1747 2137 linquam
1771 2078 1892 2125 novum

670 2175 733 2238 sibi
775 2173 946 2235 dominum
982 2172 1125 2247 populus
1158 2173 1374 2235 Atheniensis
1406 2175 1604 2248 imposuerit
1632 2176 1721 2252 ipset
1755 2176 1892 2238 Ludicra

668 2292 753 2353 foret
776 2305 829 2351 res
851 2288 994 2363 altisque
1017 2288 1188 2350 cachinnis
1212 2288 1476 2364 explodenda-
1496 2289 1562 2350 nisi
1584 2304 1686 2365 supra
1708 2304 1807 2364 quam
1832 2291 1891 2352 dici
1981 2325 1983 2330 -

669 2406 780 2481 potest
801 2405 892 2465 esset
912 2401 1019 2477 turpis
1041 2404 1075 2462 et
1098 2401 1249 2463 deflenda
1266 2403 1387 2477 potius.
1408 2402 1558 2477 Nequam
1578 2402 1836 2464 homuncionem
1853 2417 1891 2463 ex
1981 2471 1983 2484 Ι

668 2519 832 2580 coriorum
850 2517 918 2576 ista
935 2514 1065 2575 sentina
1084 2515 1246 2590 prodiisse
1265 2515 1305 2576 ad
1322 2514 1545 2576 Miltiadsrum
1557 2515 1891 2590 Themistocliumque
1981 2597 1983 2600 Α

668 2632 886 2694 hereditatem
922 2627 1139 2690 cernendam!
1183 2627 1320 2688 Aristidi
1353 2627 1483 2689 Cimoni
1516 2628 1635 2690 Pericli
1668 2644 1890 2691 successorem
1981 2607 1983 2692 ff

667 2745 737 2807 deri
762 2745 930 2805 bominem
954 2756 1092 2818 novum,
1117 2741 1212 2802 cuius
1233 2756 1339 2815 neque
1360 2742 1394 2802 in
1415 2745 1604 2803 mercatura
1622 2758 1729 2818 neque
1747 2744 1782 2803 in
1794 2744 1891 2805 rebus

666 2857 807 2936 publicis
830 2871 934 2930 neque
958 2856 992 2916 in
1015 2857 1086 2915 arte
1109 2854 1228 2915 bellica
1250 2869 1372 2915 nomen
1395 2855 1537 2916 antebac
1557 2855 1679 2917 diisset
1700 2855 1824 2918 ullum!

711 2971 865 3033 Hostium
890 2969 1002 3044 copiae
1024 2982 1102 3029 cum
1124 2969 1159 3028 in
1182 2968 1293 3029 insula
1315 2968 1437 3044 exigua
1458 2967 1539 3043 Pylo
1558 2969 1723 3030 ediscenti
1742 2973 1887 3031 teneren-

665 3091 721 3147 tur
753 3084 914 3160 lnclusae,
950 3082 1008 3144 sed
1045 3081 1184 3142 ulterius
1219 3097 1284 3142 non
1317 3081 1513 3158 procederet
1541 3097 1595 3144 res
1625 3098 1730 3158 neque
1764 3083 1889 3145 auxilia
1980 3133 1983 3163 :

663 3200 805 3261 Athenis
835 3196 1036 3272 tempestive
1063 3196 1286 3270 mitterentur,
1318 3194 1418 3256 Cleon
1448 3195 1756 3259 vehementissimis
1780 3197 1889 3259 verbis

664 3313 883 3388 magistratus
928 3309 1093 3370 militares
1137 3312 1210 3369 erat
1249 3308 1462 3370 criminatus:
1507 3309 1616 3385 ,Nihil
1657 3311 1784 3386 agendo
1825 3311 1887 3371 teri

660 3434 811 3503 tempus;
847 3425 917 3500 ipse
951 3423 1114 3484 exercitui
1149 3423 1179 3481 si
1213 3421 1424 3499 praefuisset,
1460 3438 1525 3484 non
1559 3425 1692 3485 tautum
1727 3425 1886 3501 temporis
1977 3440 1978 3487 i

661 3542 893 3602 absumturum
917 3535 1021 3597 fuisse
1045 3535 1078 3595 in
1102 3533 1213 3594 insula
1235 3534 1294 3596 illa
1312 3535 1507 3597 obsidenda:
1532 3536 1657 3598 dudum
1678 3539 1709 3598 vi
1728 3541 1762 3600 st
1784 3552 1887 3600 armis
1976 3548 1977 3575 ¹

660 3657 791 3731 captam
837 3649 1063 3727 oportuisset·
1102 3679 1147 3690 -
1188 3647 1269 3708 Irati
1311 3648 1498 3710 clamarunt
1538 3665 1621 3726 quos
1660 3651 1885 3727 vituperabat:

663 3768 842 3844 ,Probaret
872 3763 970 3825 modo
1000 3762 1086 3837 quod
1110 3761 1314 3838 perhiberet!
1345 3762 1409 3823 Per
1430 3763 1522 3838 ipsos
1547 3763 1632 3825 nihil
1655 3763 1884 3840 obstareque

659 3883 772 3944 minus
801 3879 848 3940 rei
878 3875 1063 3953 periculum
1094 3876 1259 3937 faceretr’·
1283 3879 1317 3937 et
1340 3879 1535 3938 renuentem
1559 3878 1682 3955 primo,
1706 3879 1885 3939 nonenim
1972 3864 1973 3867 '

658 4013 694 4058 se
724 3993 782 4056 sed
812 3991 888 4052 illos
918 3992 1088 4066 praetores
1120 4003 1207 4064 esse,
1240 4004 1316 4050 cum
1348 3990 1581 4052 vehementius
1610 3996 1779 4068 urgerent,
1802 3991 1885 4052 nibil

657 4105 854 4187 perterritus
885 4119 945 4179 pro
975 4105 1126 4178 praetore
1156 4100 1278 4177 Pylum
1312 4102 1494 4164 deduxerat
1526 4103 1666 4180 auxilia,
1699 4104 1887 4182 spartiatas
1969 4112 1971 4185 l

659 4223 715 4298 qui
744 4219 811 4281 illic
841 4217 962 4279 inclusi
991 4219 1086 4278 erant
1108 4217 1198 4278 intra
1219 4216 1290 4278 dies
1314 4216 1432 4293 viginti
1455 4219 1514 4278 aut
1536 4218 1631 4279 vivos
1654 4222 1713 4279 aut
1734 4221 1886 4280 mortuos

658 4334 799 4398 Athenis
822 4332 1049 4394 exhibiturum
1074 4346 1112 4392 se
1133 4331 1244 4407 palam
1267 4331 1448 4408 professus.
1476 4331 1527 4392 Ab
1549 4332 1749 4394 adversariis
1769 4335 1883 4394 autem

655 4449 785 4513 derisus
816 4447 856 4507 ob
887 4447 1020 4508 inanem
1051 4445 1388 4523 grandiloqusntiam,
1419 4446 1452 4507 id
1482 4446 1568 4520 quod
1598 4449 1729 4522 poterat
1757 4446 1882 4522 gravis·

654 4565 779 4625 simum
817 4560 974 4622 delictum
1013 4561 1262 4634 perpetraverat
1300 4559 1400 4620 homo
1438 4559 1515 4619 belli
1554 4559 1708 4636 ignarus:
1742 4563 1884 4622 steterat

656 4681 814 4738 nimirum
845 4675 1020 4749 promissis
1051 4677 1085 4734 et
1113 4673 1186 4748 ipsa
1216 4689 1252 4735 re
1285 4674 1484 4750 probaverat
1517 4687 1582 4734 non
1612 4673 1684 4734 sine
1714 4688 1813 4735 eausa
1843 4688 1882 4735 se

656 4791 911 4866 magistratuum
947 4787 1125 4862 segnitiem
1160 4786 1286 4847 acerbis
1316 4787 1425 4848 verbis
1454 4802 1529 4847 esse
1555 4787 1779 4849 criminatum.
1806 4787 1881 4847 Non

655 4905 721 4965 iam
753 4902 898 4962 bominis
931 4900 1026 4961 deliri
1056 4900 1252 4961 videbantur
1280 4916 1363 4974 quse
1396 4901 1515 4975 Pylum
1549 4900 1665 4962 abiens
1698 4901 1883 4963 iactaverat

656 5017 768 5093 verba,
811 5031 886 5075 nam
926 5014 1108 5090 perfecerat
1140 5015 1173 5074 id
1207 5015 1291 5091 quod
1327 5014 1546 5090 perfecturum
1581 5030 1619 5075 se
1652 5015 1878 5091 praedixerat:
