4375 6284
770 995 850 1040 yma
873 995 913 1039 m
936 994 1105 1040 ornareris.
1487 978 1550 1038 las

380 1203 417 1214 -
442 1171 500 1246 ,nt
522 1170 612 1232 casei
634 1171 799 1244 recentes,
830 1183 1011 1241 quoscum
1035 1168 1118 1244 ipsis
1142 1167 1309 1245 sportellis
1332 1165 1553 1242 deglutiviti”

380 1317 418 1327 -
442 1284 513 1359 ,Sic
554 1283 685 1346 scilicet
716 1281 862 1343 assolet’'
897 1281 1112 1344 mulierculae
1147 1282 1181 1342 in
1215 1297 1329 1344 aurem
1368 1281 1554 1342 insusurrat

342 1396 502 1459 Xanthias.

381 1543 418 1554 ·-
443 1510 503 1587 ,Et
526 1510 638 1572 furere
660 1523 698 1570 se
721 1507 932 1571 simulavit.”

381 1658 416 1668 -
442 1626 615 1700 „Agnosco
637 1621 807 1684 indolem'’
831 1636 948 1697 pressa
970 1637 1051 1684 voce
1075 1622 1168 1684 addit
1189 1622 1365 1684 Xanthias.

380 1738 419 1798 At
451 1752 514 1799 non
544 1735 687 1797 missum
717 1735 841 1798 iaciant
870 1735 976 1797 tirrem
1008 1735 1207 1811 scelestum
1243 1736 1283 1797 ad
1318 1736 1550 1810 magistratum

340 1864 401 1910 rem
431 1849 599 1912 delaturae
628 1849 760 1910 abeunt.
792 1848 919 1910 Humili
951 1851 1063 1911 autern
1094 1849 1189 1910 vultu
1220 1853 1254 1911 et
1283 1863 1364 1910 voce
1386 1849 1554 1909 submissa

339 1962 487 2026 Hercules
508 1963 581 2024 sire
603 1962 771 2038 Dionysus
793 1976 927 2023 servum
951 1961 1146 2038 alloquitur:

377 2109 418 2120 —
443 2075 569 2154 „Heus
594 2075 745 2138 Xanthia
767 2077 891 2152 optime
915 2078 949 2138 et
972 2077 1164 2139 carissime.
1179 2078 1231 2138 ..”

377 2224 418 2233 -
443 2190 584 2268 „Desine
606 2191 724 2252 modo:
748 2190 828 2250 novi
851 2190 993 2251 cetera.”

379 2305 530 2366 Precibus
559 2307 675 2365 tamen
704 2307 877 2380 permotus
907 2301 1073 2365 Xanthias
1103 2301 1206 2364 talem
1230 2317 1266 2364 se
1289 2302 1438 2380 praestat
1459 2299 1554 2362 mini·

339 2420 437 2478 strum
460 2418 515 2492 qui
538 2417 579 2478 ad
603 2417 749 2494 pericula
771 2431 831 2493 pro
855 2417 934 2478 hero
957 2415 1125 2491 quaelibet
1146 2415 1318 2478 subeunda
1341 2416 1386 2477 sit
1407 2416 1553 2491 paratus.

339 2531 416 2592 llam
438 2531 544 2593 denuo
567 2532 672 2592 sumit
695 2530 824 2592 clavam
848 2531 882 2591 et
903 2529 1025 2606 pellem
1047 2529 1225 2592 leoninam.

380 2645 483 2706 Paene
516 2646 630 2706 autem
663 2658 738 2705 sero
772 2643 846 2704 fuit.
881 2643 931 2704 lix
960 2643 1097 2705 aedibus
1128 2643 1217 2705 enim
1247 2643 1368 2705 iterum
1396 2646 1556 2719 proruunt

340 2757 450 2819 ianitor
479 2757 601 2832 alliquo
632 2757 696 2818 duo
726 2756 876 2818 Plutonis
898 2757 1047 2818 ministri
1069 2757 1214 2818 scuticas
1237 2758 1443 2831 quassantes.
1469 2757 1556 2832 Quos

340 2869 428 2931 clava
456 2877 592 2933 strenue
618 2873 708 2932 torta
731 2871 969 2947 aliquantisper
991 2873 1083 2932 arcet
1105 2869 1285 2948 Xanthias,
1309 2871 1383 2933 dein
1406 2870 1556 2946 pluribus

341 2985 495 3047 ministris
519 2984 753 3046 accedentibus
775 2985 904 3046 fortiter
926 2998 1079 3061 pugnans
1104 2988 1289 3061 superatur.

380 3097 456 3173 Quid
486 3100 600 3159 autem
631 3096 823 3171 Dionysus?
853 3097 1008 3159 Suaviter
1033 3097 1145 3159 hercle
1176 3098 1290 3160 ridens
1311 3097 1367 3160 ille
1391 3098 1502 3158 adstat
1524 3099 1558 3158 et

338 3211 496 3275 Xanthiae
520 3213 731 3275 adversarios
753 3228 835 3274 voce
858 3212 959 3274 etiam
985 3211 1150 3273 stimulat.

378 3327 445 3388 Iam
474 3343 555 3389 voro
589 3327 667 3388 hero
701 3329 740 3388 ut
773 3342 849 3387 eam
884 3342 949 3401 qua
982 3327 1104 3402 dignus
1137 3329 1190 3388 est
1223 3327 1365 3402 gratiam
1399 3327 1556 3404 rependat

337 3437 494 3502 Xanthias
516 3442 593 3518 post
616 3440 726 3502 varlas
748 3441 882 3502 fraudes
904 3456 992 3503 nune
1015 3442 1119 3502 etiam
1143 3441 1401 3516 magistratuum
1423 3440 1557 3502 lictores

336 3565 370 3632 pn
396 3569 430 3615 se
457 3555 624 3631 incitanti,
657 3553 801 3616 officium
831 3554 977 3631 quidem,
1010 3554 1097 3627 quod
1125 3555 1159 3615 in
1189 3568 1226 3615 se
1255 3555 1391 3631 recepit,
1415 3569 1480 3615 non
1503 3554 1554 3616 de·

338 3668 463 3748 tractat,
497 3704 538 3715 -
571 3685 648 3732 nam
680 3669 818 3732 caelites
849 3671 877 3731 si
908 3673 1010 3745 agant
1038 3669 1201 3747 improbe,
1233 3671 1322 3733 servi
1344 3672 1433 3731 corte
1456 3668 1553 3730 iidem

336 3785 559 3856 praestabuntl
582 3819 622 3829 —
643 3785 701 3846 sed
721 3785 875 3846 Herculis
897 3785 973 3846 illas
992 3787 1105 3861 partes
1124 3784 1276 3861 religiose
1296 3786 1398 3847 etiam
1418 3801 1557 3848 servans

337 3900 535 3974 mancipium
560 3914 658 3960 suum
682 3899 816 3960 mulieri
838 3899 944 3960 iratae
967 3899 1065 3961 offert
1087 3900 1121 3960 in
1144 3901 1391 3975 quaestionem:

379 4041 420 4053 -
444 4013 496 4087 ,si
520 4013 595 4088 quid
628 4014 681 4075 hic
711 4013 895 4074 suffuratus
918 4029 993 4075 sum
1018 4028 1180 4092 unquam,
1205 4015 1327 4076 misere
1350 4015 1554 4090 dispeream!

337 4123 403 4198 „Du
433 4128 544 4203 accipe
567 4143 703 4188 servum
727 4128 869 4202 hunce'’,
896 4161 935 4171 -
961 4131 994 4188 et
1017 4128 1200 4203 Dionysum
1224 4129 1365 4190 indicat:
1391 4161 1431 4172 -
1459 4128 1555 4204 „huic

338 4239 520 4312 ¹‚tormenta
538 4241 704 4316 quaelibet
724 4241 883 4316 admove;
908 4243 1013 4317 gratis
1035 4241 1151 4303 laedas
1173 4241 1261 4307 iicet.
1291 4241 1350 4318 Qui
1370 4242 1399 4301 si
1421 4241 1506 4315 quod
1523 4243 1554 4302 in

337 4367 411 4427 ,me
430 4355 545 4418 iecerit
567 4356 741 4433 indicium,
766 4356 891 4418 moriar
914 4355 1054 4417 libens.”

379 4466 447 4530 Iam
477 4485 557 4532 vero
587 4470 668 4531 deus
691 4484 808 4531 rursus
831 4484 905 4531 esse
928 4468 1062 4531 mavult
1084 4471 1260 4547 Dionysus.
1289 4505 1330 4515 -
1357 4471 1465 4548 ,Dave
1487 4473 1554 4532 tan·

333 4596 395 4656 gas
416 4587 508 4662 me‚”
532 4585 657 4648 clamat
678 4584 783 4645 iratus
807 4583 908 4645 simul
931 4586 966 4644 et
987 4585 1142 4646 territus:
1169 4587 1354 4662 ¹,Dionysus
1376 4586 1493 4647 suml”

378 4697 525 4761 ambone
548 4698 683 4775 superii
713 4697 851 4760 ianitori
873 4698 988 4759 haeret
1012 4714 1106 4773 aqua.
1139 4700 1283 4762 Alternis
1305 4701 1406 4776 igitur
1430 4701 1555 4760 vicibus

334 4825 392 4870 eos
425 4812 529 4889 feriet,
567 4813 620 4873 cui
654 4814 768 4873 autem
800 4812 910 4874 dolere
941 4814 1096 4890 senserit,
1129 4814 1215 4875 hunc
1242 4814 1467 4876 immortalem
1489 4829 1553 4875 non

333 4937 410 4984 esse
437 4927 530 5004 sciet,
562 4927 718 5001 quoniam
749 4926 790 4987 ad
813 4925 950 4988 caelites
974 4927 1068 4988 dolor
1090 4941 1156 4989 non
1179 4929 1331 5004 pertinet.
1356 4930 1400 4990 At
1422 4943 1556 4989 summa

332 5041 520 5102 constantia
541 5043 719 5118 postquam
742 5041 880 5114 uterque
902 5040 1006 5115 flagra
1028 5041 1268 5119 aliquantisper
1284 5043 1433 5118 pertulit,
1458 5042 1554 5118 plane
