4375 6284
677 943 718 1003 84
1194 962 1235 1006 us
1258 962 1383 1008 roenna

676 1130 911 1194 audacissime:
936 1133 1105 1209 copiarum
1128 1133 1246 1208 quibus
1268 1136 1420 1210 praeerat
1443 1134 1554 1196 Nicias
1574 1150 1613 1196 ea
1636 1136 1707 1211 ipse
1731 1151 1806 1197 sors
1825 1137 1887 1196 fuit.

676 1244 822 1306 Xerxem
855 1249 967 1307 autem
1000 1246 1160 1307 inermem
1194 1249 1227 1307 et
1258 1248 1366 1309 lacera
1396 1251 1490 1310 veste
1520 1249 1577 1310 sed
1601 1250 1671 1310 vita
1693 1255 1783 1312 certe
1806 1250 1888 1310 salva

677 1362 762 1422 Susa
785 1361 959 1422 remiserat
981 1363 1080 1437 poeta
1103 1361 1266 1436 tragicus:
1291 1362 1357 1422 dux
1388 1362 1606 1424 Atheniensis
1626 1364 1694 1425 tato
1719 1379 1794 1426 cum
1817 1363 1888 1424 mili·

677 1476 768 1536 tibus
797 1475 868 1536 suis
898 1476 950 1536 est
979 1476 1166 1549 extinctus,
1198 1491 1241 1536 ex
1270 1477 1321 1536 tot
1344 1475 1479 1538 milibus
1502 1477 1625 1538 civium
1650 1492 1715 1538 non
1738 1477 1804 1538 nisi
1825 1492 1888 1553 pau·

678 1590 818 1665 cissimi,
840 1589 959 1664 quibus
981 1604 1078 1651 caeca
1101 1590 1234 1650 fortuna
1255 1592 1412 1665 pepercit,
1436 1591 1573 1651 domum
1597 1592 1826 1668 pervenerunt.

723 1703 887 1764 Ultimum
917 1703 1030 1764 Niciae
1060 1703 1237 1765 consilium
1269 1703 1433 1781 prioribus
1462 1705 1525 1765 fuit
1547 1705 1668 1766 simile.
1692 1705 1777 1766 Nam
1804 1705 1893 1766 variis

677 1817 821 1892 acceptis
851 1816 1000 1877 cladibus
1026 1820 1202 1892 postquam
1231 1817 1384 1879 vincendi
1408 1833 1483 1894 spes
1506 1817 1635 1880 abiecta
1658 1820 1709 1880 est
1732 1821 1767 1880 et
1789 1823 1892 1897 parata

678 1933 758 1991 sunt
794 1931 907 1991 omnia
944 1929 985 1990 ed
1016 1931 1158 2005 patriam
1195 1931 1291 1992 celeri
1326 1932 1404 2007 iuga
1437 1931 1663 2007 repetendam,
1698 1935 1794 2009 tunc,
1825 1947 1892 1994 curn

677 2044 798 2106 castris
820 2046 855 2104 et
878 2043 978 2104 classi
1002 2043 1146 2119 plurima
1164 2045 1204 2105 ab
1224 2045 1377 2106 hostibus
1394 2046 1561 2107 iracundis
1579 2048 1744 2108 instarent
1760 2045 1893 2121 pericula

677 2176 784 2235 neque
825 2158 1001 2220 cunctandi
1035 2158 1105 2219 ulla
1146 2159 1211 2219 iam
1249 2161 1441 2235 superesset
1475 2159 1792 2236 opportunitas...
1826 2159 1897 2220 luna

677 2275 853 2337 obscurata
882 2273 1142 2334 intercesserunt
1173 2274 1363 2334 sacerdotes
1392 2273 1572 2348 quominus
1602 2275 1679 2334 aute
1708 2275 1760 2334 ter
1783 2287 1896 2334 novem

675 2390 802 2450 dierum
834 2386 1046 2449 intervallum
1079 2391 1251 2463 pararetur
1273 2389 1409 2449 reditus.
1441 2387 1543 2464 Quem
1577 2388 1703 2449 dierum
1727 2401 1896 2449 numerum

676 2501 930 2563 sanctissimum
963 2501 1098 2562 omnino
1128 2501 1329 2562 servandum
1362 2517 1437 2562 esse
1466 2504 1500 2562 et
1530 2501 1632 2578 copiis
1654 2499 1815 2563 facillime
1836 2515 1896 2576 per·

676 2617 853 2676 suaserunt
877 2617 911 2674 et
933 2613 1044 2675 Niciae
1069 2613 1324 2689 religiosissimo
1347 2615 1552 2676 mortalium.

721 2728 800 2790 illos
822 2727 893 2788 dies
916 2727 1014 2788 anxie
1038 2727 1242 2804 expectando
1266 2729 1343 2789 dum
1368 2727 1598 2804 transigebant
1615 2727 1769 2789 homines
1790 2729 1899 2788 miser·

676 2842 768 2917 rimi,
800 2842 872 2917 ipsa
902 2840 961 2900 lux
991 2839 1111 2901 salutis
1140 2841 1183 2901 iis
1206 2844 1239 2902 et
1262 2842 1405 2917 civitati,
1430 2841 1524 2902 cuius
1547 2855 1670 2916 magna
1691 2855 1768 2917 pars
1793 2841 1897 2913 erant,

675 2958 728 3016 est
745 2954 923 3016 obscurata
941 2956 1039 3028 atque
1063 2954 1222 3014 extincta.
1246 2953 1372 3029 Nempe
1391 2970 1474 3030 quae
1493 2954 1613 3015 ultima
1631 2956 1808 3029 supererat
1827 2967 1898 3028 spec
1972 2999 1973 3050 ,

674 3069 763 3129 malo
794 3083 831 3129 se
861 3067 1075 3144 subducendi,
1107 3082 1180 3127 eam
1213 3068 1388 3143 quominus
1418 3069 1601 3144 arriperent
1629 3066 1759 3128 obstitit
1783 3069 1899 3145 pistas.
1972 3103 1973 3125 r

676 3185 804 3258 ,Immo
835 3183 906 3243 veri
935 3182 1139 3258 ignoratiol”
1171 3181 1218 3242 ait
1245 3181 1442 3244 Plutarchus
1466 3183 1517 3243 vel
1541 3182 1774 3244 Philochorus:
1804 3195 1899 3258 ,nam

676 3297 780 3372 ,scire
803 3311 860 3356 eos
882 3296 1028 3371 oportuit
1050 3294 1148 3356 lunae
1171 3294 1436 3357 obscurationem
1455 3297 1588 3358 hostem
1608 3294 1803 3372 petentibus
1823 3293 1900 3356 mali

675 3425 767 3487 ,esse
789 3409 923 3484 ominis,
947 3409 1090 3469 reditum
1110 3409 1302 3483 parantibus
1320 3410 1451 3486 optimi,
1472 3410 1627 3484 quonlam
1648 3408 1898 3471 adelahendum
1971 3447 1972 3482 ,

674 3523 799 3600 ,caligo
833 3523 906 3584 luce
941 3525 992 3582 est
1025 3523 1141 3598 potior.
1172 3521 1312 3584 Utinam
1348 3523 1503 3585 Stilbides
1539 3522 1696 3585 sacerdos
1730 3521 1903 3584 divinandi

674 3637 917 3713 ,peritissimus
940 3635 1041 3696 etiam
1065 3634 1185 3696 luisset
1208 3637 1418 3711 superstesl”

715 3751 826 3811 idtiam
855 3748 960 3810 lector
982 3749 1174 3822 hodiernus,
1199 3748 1275 3810 dum
1301 3749 1415 3823 gravia
1437 3751 1537 3812 verba
1559 3750 1775 3826 Thucydidis,
1803 3749 1902 3811 finem
1970 3817 1971 3828 ,

669 3862 891 3939 expeditionis
931 3861 1182 3922 infelicissimae
1215 3863 1403 3938 referentis,
1440 3878 1552 3926 secum
1585 3863 1772 3940 perpendit,
1816 3859 1905 3939 ,veri

669 3975 934 4051 ignorationem'
968 3990 1080 4036 secum
1113 3982 1303 4037 murmurat
1332 3980 1499 4038 maestum
1531 3976 1715 4038 subridens.
1752 3975 1905 4037 Eruditio

669 4089 896 4165 sophistarum
919 4088 1047 4149 utinam
1072 4089 1175 4150 Niciis
1194 4088 1362 4164 aliquanto
1381 4090 1455 4166 plus
1475 4090 1669 4166 profuisset!
1691 4090 1777 4150 Nam
1803 4090 1905 4164 ‚deae

673 4218 750 4278 ,per
784 4200 913 4263 caelum
951 4205 1149 4262 nocturnum
1183 4203 1339 4276 vagantis
1369 4204 1488 4264 itinera
1518 4203 1682 4264 scrutari’
1714 4205 1753 4263 ut
1782 4203 1907 4264 solitus

670 4333 735 4376 non
755 4317 845 4376 esset
868 4315 1034 4388 Socrates,
1056 4315 1142 4374 -id
1163 4315 1249 4390 quod
1269 4317 1302 4376 in
1326 4316 1473 4377 Nubibus
1496 4317 1608 4378 iabula
1630 4319 1728 4393 poeta
1752 4317 1907 4378 comicus

669 4429 844 4505 perbibuit,
877 4461 917 4471 -
948 4430 984 4488 at
1025 4427 1149 4488 dudum
1185 4429 1283 4489 lunae
1318 4445 1446 4492 errores
1479 4431 1799 4508 pervestigaverant
1837 4427 1908 4498 alii,

669 4542 865 4604 obscuratae
888 4544 999 4601 autem
1025 4555 1109 4615 quae
1133 4543 1223 4602 esset
1246 4557 1347 4604 causa
1371 4544 1518 4604 cuiusvis
1541 4545 1607 4604 iam
1632 4545 1702 4604 erat
1722 4541 1830 4618 scire,
1852 4538 1907 4614 qui

669 4657 746 4719 novi
770 4654 893 4716 saeculi
917 4653 1101 4714 doctrinam
1125 4668 1190 4714 non
1214 4655 1344 4717 iocandi
1368 4658 1501 4718 tantum
1525 4655 1861 4718 beberetmateriem
1878 4649 1909 4719 ¹).

704 4921 724 4982 ¹)
742 4926 904 4984 Quumqasm
932 4921 1011 4971 etism
1038 4924 1190 4971 cultissimis
1216 4925 1277 4971 viris
1303 4928 1400 4983 quanta
1430 4925 1523 4970 harum
1548 4936 1634 4971 rerum
1658 4923 1739 4970 inerit
1768 4929 1911 4984 ignoratio

670 5005 811 5052 ostendunt
827 5004 975 5052 Herodotus
992 5004 1039 5063 (Π
1054 5005 1099 5050 di:
1117 5005 1183 5062 ,thol
1201 5005 1243 5062 ptr
1261 5005 1289 5050 od
1306 5001 1409 5062 nsaw)
1426 5007 1451 5050 et
1469 5000 1636 5062 Thucydides
1654 5003 1690 5060 (11
1709 5003 1756 5050 θῦε
1778 5007 1913 5068 ,ὀοκιι““).
