4375 6284
664 929 726 990 126
1180 943 1221 988 nn
1244 943 1369 988 rorans

660 1120 733 1178 tum
767 1115 975 1179 sententiolis
1009 1117 1193 1190 extractas,
1228 1114 1303 1175 dein
1333 1129 1375 1175 ne
1409 1115 1499 1176 iusto
1529 1114 1685 1189 gracilior
1715 1114 1817 1192 heret,
1843 1117 1871 1176 in

659 1230 913 1307 amplitudinem
943 1229 1097 1289 decoram
1120 1228 1283 1288 enutrivit
1306 1227 1483 1288 monodiis.
1513 1227 1585 1289 Non
1616 1231 1743 1290 temere
1770 1233 1872 1290 autem

659 1343 832 1406 effutiebat
853 1341 1007 1418 quicquid
1030 1343 1063 1402 in
1082 1341 1221 1403 buccam
1242 1342 1384 1418 veniret,
1404 1343 1461 1403 sed
1474 1343 1556 1403 artis
1576 1358 1744 1418 sanaeque
1762 1343 1873 1404 mentis

659 1458 787 1533 legibus
816 1457 960 1518 servatis
983 1455 1117 1516 initium
1140 1455 1283 1518 iaciebat
1305 1471 1325 1516 a
1347 1455 1446 1517 rebus
1468 1471 1553 1530 quas
1576 1459 1781 1532 spectatores
1802 1457 1875 1517 scire

660 1587 796 1634 necesse
830 1573 932 1644 esset,
968 1572 1002 1630 et
1035 1569 1223 1644 quicunque
1258 1569 1291 1629 in
1320 1570 1532 1645 proscenium
1561 1568 1714 1647 prodibat
1743 1604 1784 1614 —
1813 1571 1875 1630 sive

662 1688 712 1748 vir
744 1688 834 1748 esset
860 1686 933 1746 sive
963 1685 1092 1761 mulier,
1124 1699 1247 1760 puerne
1277 1699 1318 1744 an
1342 1699 1460 1760 senex,
1491 1700 1593 1747 rexne
1616 1701 1658 1748 an
1682 1685 1874 1762 mancipium

661 1804 751 1863 esset
784 1800 868 1862 nihil
900 1799 1079 1861 referebat:
1107 1798 1287 1860 -eadem
1318 1814 1436 1861 omnes
1466 1802 1561 1861 erant
1595 1800 1725 1862 dicendi
1758 1800 1876 1876 peritia.

660 1916 786 1991 Nempe
808 1914 999 1993 popularem
1024 1915 1080 1989 qui
1103 1913 1219 1990 probat
1242 1913 1389 1976 civitatis
1411 1915 1554 1991 statum,
1579 1913 1706 1976 nullam
1725 1915 1878 1976 rationem

661 2030 761 2091 habet
791 2029 1036 2105 discriminum,
1067 2027 1187 2103 quihus
1218 2028 1304 2089 inter
1333 2041 1370 2088 se
1396 2027 1523 2088 dietam
1545 2027 1720 2088 hominum
1745 2029 1878 2090 ordines.

661 2143 877 2219 Quaestiones
917 2143 1031 2203 autem
1072 2141 1240 2203 tractabat
1274 2155 1357 2216 quae
1391 2140 1481 2203 cordi
1515 2142 1630 2202 essent
1662 2141 1877 2216 audientibus,

660 2272 744 2332 quas
768 2257 920 2332 cognitas
942 2254 1116 2330 haberent,
1143 2254 1182 2316 de
1205 2255 1325 2330 quibus
1348 2255 1550 2316 sententiam
1571 2254 1657 2317 terre
1679 2259 1830 2332 possent,
1843 2289 1877 2300 -

661 2386 725 2432 non
747 2371 874 2445 priscas
896 2369 1026 2443 aliquas
1049 2371 1084 2430 et
1106 2369 1223 2430 inanes
1240 2367 1394 2444 fabellas,
1415 2383 1497 2443 quas
1518 2383 1615 2430 nemo
1635 2369 1878 2432 interviventes

660 2486 801 2545 curaret.
834 2483 1019 2558 ,hlumnos
1048 2483 1149 2544 modo
1171 2482 1288 2558 quales
1310 2483 1483 2556 utriusque
1506 2498 1563 2543 ars
1585 2481 1698 2544 tulerit
1720 2485 1878 2560 spectate!

663 2597 732 2674 ,lix
767 2595 923 2671 Aeschyli
956 2597 1131 2672 disciplina
1164 2597 1357 2672 prodierunt
1391 2595 1599 2657 Phormisius
1632 2595 1690 2658 ille
1721 2596 1880 2658 barbatior

663 2727 783 2790 ,quam
806 2711 956 2786 sagacior
977 2714 1011 2772 et
1034 2711 1247 2786 Megaenetus
1269 2711 1385 2771 suavis
1407 2709 1524 2771 homo:
1549 2709 1728 2772 bellatores
1751 2711 1880 2771 clamosi

663 2828 830 2904 ,minaces
847 2840 1025 2902 pugnaces.
1044 2826 1090 2886 At
1107 2826 1174 2886 mei
1193 2824 1347 2900 discipuli
1365 2826 1446 2885 sunt
1462 2823 1652 2900 Olitopbon,
1673 2825 1723 2884 vir
1739 2823 1878 2886 urbanis·

662 2942 804 3015 ,simus,
829 2942 861 2999 et
884 2939 1110 3001 Theramenes
1131 2954 1149 2999 o
1172 2938 1270 3000 rebus
1293 2939 1510 3012 quantumvis
1532 2937 1682 2999 adversis
1699 2938 1794 3000 salva
1812 2945 1879 2999 cute

663 3069 815 3130 ,semper
837 3053 1015 3114 evadens.’'

707 3201 747 3212 -
774 3166 1012 3242 ,confitentem
1036 3166 1140 3241 igitur
1159 3168 1193 3226 te
1211 3166 1351 3228 teneol”
1371 3165 1551 3241 respondet
1561 3165 1764 3241 Aeschylus:
1787 3180 1879 3240 ,nam

663 3297 701 3355 ,e
720 3281 829 3357 pomis
845 3281 1055 3356 cognoscitur
1067 3278 1174 3340 arbor.
1187 3279 1328 3341 Robusti
1345 3278 1558 3353 longurlones
1574 3279 1641 3340 mei
1659 3282 1753 3340 erant
1772 3293 1879 3354 aequa·

663 3393 748 3468 ,les;
769 3395 825 3468 qui
840 3393 971 3469 galeam
994 3392 1142 3454 candidis
1165 3392 1276 3454 cristis
1294 3393 1462 3468 insignem
1482 3394 1681 3466 quassantes
1699 3396 1733 3454 et
1752 3393 1881 3454 audacia

663 3506 898 3582 ,septemplice
917 3507 1038 3568 armati
1057 3507 1253 3568 invaserunt
1276 3507 1364 3568 acies
1387 3505 1542 3582 hostiles,
1569 3539 1608 3549 -
1634 3507 1768 3582 perinde
1789 3510 1881 3582 atque

664 3622 812 3696 ,septem
841 3619 889 3681 illi
911 3621 1020 3681 ‘duces
1050 3619 1180 3681 'thebas
1210 3621 1437 3696 oppugnantes
1460 3622 1496 3681 et
1515 3619 1687 3681 Patroclus
1706 3625 1742 3681 ei
1764 3622 1880 3682 Teucer

664 3737 716 3808 ,et
736 3733 793 3794 alii
808 3733 956 3809 plurimi,
980 3748 1062 3807 quos
1084 3733 1119 3793 in
1138 3733 1300 3794 dramatis
1322 3731 1486 3794 celebravi
1511 3733 1675 3806 equidem.
1698 3733 1769 3795 Non
1793 3737 1880 3796 erant

664 3847 811 3924 ,similes
842 3846 1091 3921 transfugarum
1121 3849 1412 3920 veteratorumqus
1443 3845 1624 3908 forensium
1647 3850 1681 3908 et
1702 3847 1880 3909 scribarum

663 3961 929 4037 „hodiernorum
963 3960 1086 4022 Poetae
1121 3963 1201 4022 sunt
1240 3960 1427 4021 adultorum
1465 3961 1635 4035 magistri:
1672 3975 1787 4023 verum
1823 3961 1880 4021 hoc

665 4090 788 4145 „unum
807 4075 892 4136 dixit
914 4075 1099 4150 Euripides.
1120 4074 1202 4150 Quid
1222 4075 1323 4150 igitur
1343 4075 1434 4136 cives
1450 4075 1560 4136 docuit
1578 4075 1659 4135 ille?
1678 4073 1774 4136 Probi
1793 4077 1880 4135 erant

663 4194 718 4268 ,et
747 4188 931 4264 simplices:
955 4187 1034 4248 iecit
1056 4203 1221 4264 morosos,
1246 4187 1420 4263 molestos,
1449 4187 1594 4249 inutiles.
1625 4188 1696 4249 Non
1721 4189 1878 4250 factorum

664 4305 741 4380 ,sed
765 4301 941 4363 verborum
964 4301 1042 4362 iecit
1064 4303 1272 4377 appetentes,
1297 4315 1362 4362 non
1386 4301 1532 4362 virorum
1556 4302 1668 4363 studia
1690 4316 1807 4363 severa
1827 4300 1879 4361 sed

663 4415 953 4492 ‚muliercularum
972 4429 1085 4476 amore
1108 4415 1297 4476 sauciarum
1321 4415 1458 4475 naenias
1481 4429 1597 4476 curare
1615 4413 1722 4478 iussit.
1742 4415 1795 4478 Sic
1811 4415 1879 4476 sub-

664 4533 763 4608 ,nata
784 4531 837 4591 est
859 4531 953 4589 aetas
976 4527 1178 4590 nebulonum
1202 4527 1427 4604 garrulorum,
1458 4527 1591 4602 iamque
1613 4542 1655 4589 ne
1678 4531 1800 4590 nautae
1817 4529 1879 4604 qui·

665 4645 759 4720 ,dem
781 4643 927 4703 triremis
949 4640 1100 4716 publicae
1123 4645 1233 4704 tacere
1256 4642 1332 4716 quid
1355 4641 1400 4702 sit
1423 4641 1508 4702 satis
1530 4643 1687 4702 norunt.”

706 4756 894 4819 Generatim
928 4758 1103 4830 postquam
1139 4756 1186 4816 sic
1216 4755 1316 4816 locutl
1346 4757 1424 4815 sunt
1453 4754 1560 4831 ambo,
1592 4755 1632 4816 de
1654 4754 1794 4831 singulis
1814 4755 1880 4815 dra·

660 4874 790 4932 matum
811 4868 960 4943 partibus
981 4867 1067 4928 ilunt
1088 4867 1200 4928 verbs.
1223 4868 1394 4943 Euripides
1413 4867 1569 4942 Aeschyli
1587 4867 1739 4944 prologos
1758 4867 1883 4930 cavillis

660 4985 799 5045 lacerat:
823 4982 879 5043 ille
902 4981 1041 5042 ludibrio
1064 4981 1165 5041 habet
1184 4981 1337 5056 prologos
1356 4981 1531 5056 Euripidis.
1549 4979 1685 5042 Cantica
1703 4979 1879 5043 cuiusmodi
