4375 6284
757 978 835 1026 vrrs
859 981 898 1024 rr
922 980 1090 1026 ornemus.
1493 967 1536 1028 4³

325 1153 367 1212 vel
394 1152 542 1214 cantoris
570 1148 727 1212 olflclum.
751 1149 912 1211 Primltus
935 1149 1045 1224 igitur,
1070 1164 1146 1211 cum
1170 1152 1352 1226 primasio
1376 1153 1446 1212 sule
1469 1153 1539 1212 dre·

325 1266 413 1326 matis
436 1266 549 1341 partes
572 1263 635 1338 ipsi
659 1263 774 1337 poetae
797 1262 951 1322 solebant
974 1278 1083 1337 agere,
1108 1279 1128 1322 a
1147 1264 1384 1324 certaminibus
1402 1264 1540 1339 publicis

324 1379 503 1454 peregrinos
532 1377 636 1438 luisse
666 1375 835 1451 exclusos,
867 1376 942 1436 dein
967 1392 1059 1452 vero,
1084 1392 1159 1438 cum
1184 1378 1352 1438 actoribus
1375 1394 1444 1440 rem
1470 1392 1537 1453 per-

325 1493 445 1554 mittere
469 1491 630 1566 solerent,
654 1504 712 1565 per
735 1490 826 1564 leges
846 1489 927 1550 nihil
949 1490 1119 1551 obstitisse
1138 1492 1316 1564 quominus
1338 1507 1412 1554 cum
1434 1493 1540 1567 poetis

323 1606 441 1668 civibus
464 1607 641 1667 certarent.

360 1720 426 1782 Non
459 1724 572 1781 tamen
603 1719 686 1780 eatis
718 1717 891 1779 commode
921 1717 970 1779 sic
1000 1718 1209 1794 explicantur
1239 1734 1324 1793 quae
1354 1719 1394 1780 de
1417 1719 1538 1780 Aristo·

322 1835 419 1908 phane
448 1832 609 1893 habemus
639 1832 824 1906 comperta,
855 1831 967 1905 itaque
998 1831 1106 1892 satius
1140 1832 1270 1892 videtur
1295 1847 1428 1892 sumere
1451 1845 1539 1906 pere-

321 1947 418 2022 grinis
450 1961 514 2007 non
549 1947 599 2006 sic
628 1948 755 2006 temere
785 1944 918 2018 perinde
953 1947 1052 2020 atque
1090 1945 1219 2007 civibus
1249 1945 1383 2006 licuisse
1411 1943 1541 2005 rabulas

321 2074 392 2120 suas
422 2059 540 2120 offerre
568 2058 782 2133 magistratui
813 2059 846 2118 in
877 2072 1011 2120 scenam
1037 2060 1279 2135 admittendas,
1304 2059 1539 2133 magistratum

321 2175 425 2233 autem
461 2172 517 2246 qui
548 2171 684 2246 Equites
713 2171 947 2248 Aristophanis
977 2172 1124 2234 fabulam
1157 2173 1280 2248 recepit
1310 2187 1330 2233 a
1361 2172 1431 2233 cive
1462 2171 1538 2232 scri·

321 2289 405 2361 ptam
430 2287 575 2362 putasae.

359 2400 509 2461 Etiamne
540 2399 604 2475 ipsi
634 2399 851 2475 Aristophani
882 2415 1079 2476 persuasum
1112 2405 1184 2462 eret
1207 2402 1356 2462 civitatis
1380 2403 1443 2462 sibi
1467 2415 1541 2462 esee

320 2515 389 2576 ius?
420 2515 469 2574 An
502 2513 534 2574 in
566 2512 703 2573 dubium
734 2514 845 2574 vocari
869 2514 899 2572 id
925 2528 1021 2588 posse
1044 2530 1121 2574 cum
1145 2530 1210 2575 non
1234 2517 1391 2591 nesciret,
1414 2518 1542 2591 primae

321 2626 444 2689 rabulas
466 2629 631 2690 docendas
652 2627 787 2688 tradidit
809 2625 1016 2704 Callistrato,
1041 2643 1128 2689 nunc
1148 2644 1225 2690 vero
1250 2644 1337 2691 nova
1355 2630 1440 2705 apud
1453 2627 1543 2689 cives

319 2742 424 2812 gratia
445 2742 578 2803 fervens
600 2743 639 2802 ut
660 2755 721 2801 suo
744 2741 879 2801 nomine
903 2741 1096 2802 certaminis
1119 2743 1240 2817 poetici
1257 2742 1439 2818 periculum
1459 2741 1542 2802 iace·

321 2857 366 2914 ret
390 2851 411 2926 ¹)
446 2858 618 2931 permotus
653 2858 704 2915 est
739 2853 779 2914 ah
815 2854 946 2928 amicis,
984 2854 1098 2916 veritis
1128 2871 1170 2916 ne
1200 2857 1234 2916 in
1264 2860 1382 2931 poetae
1411 2854 1543 2916 scriniis

320 2969 428 3029 abdita
450 2971 601 3029 maneret
622 2966 734 3028 tabula
757 2967 832 3028 duci
854 2969 999 3044 partium
1023 2967 1229 3044 popularium
1254 2969 1500 3030 infestissima?

362 3081 421 3142 Est
444 3097 503 3142 cur
527 3097 605 3142 vero
628 3080 750 3142 similis
768 3082 850 3142 haec
870 3081 1032 3142 habeatur
1051 3082 1170 3157 opinio.
1191 3082 1265 3142 Alia
1283 3082 1396 3143 omnia
1410 3081 1542 3156 quidem

320 3196 363 3254 ait
396 3195 515 3256 chorus
543 3195 718 3270 Equitum:
751 3195 951 3257 modestiam
983 3196 1143 3256 nimirum
1167 3196 1339 3258 obstitisse
1363 3195 1544 3270 quominus

318 3311 414 3383 poeta
443 3310 507 3370 tiro
538 3310 666 3384 priores
694 3308 825 3370 tabulas
855 3323 917 3370 suo
946 3311 1082 3371 nomine
1114 3313 1313 3386 proponeret
1332 3306 1374 3384 ἠ
1398 3309 1456 3370 sed
1480 3309 1544 3384 ipsi

319 3425 444 3497 poetae,
478 3423 655 3496 coryphaei
686 3437 742 3482 ore
772 3423 805 3482 id
838 3421 1037 3499 perhibenti,
1070 3424 1164 3484 estne
1187 3423 1411 3484 credendum?
1434 3424 1543 3484 Immo

319 3549 429 3595 veram
454 3538 501 3595 rei
524 3548 661 3596 causam
685 3535 726 3596 ab
750 3551 787 3596 eo
811 3549 876 3596 uon
895 3549 970 3596 esse
989 3535 1186 3613 indicatam,
1206 3539 1296 3598 certe
1315 3537 1542 3612 cononicam,

319 3649 481 3709 testantur
504 3648 635 3709 fabulae
657 3663 740 3721 quas
763 3651 838 3724 post
860 3649 1008 3725 Equites
1034 3651 1107 3710 tum
1131 3666 1207 3712 curn
1232 3665 1336 3725 neque
1355 3652 1420 3712 tiro
1443 3651 1543 3712 ctiam

318 3763 407 3823 esset
430 3777 534 3837 neque
559 3778 578 3822 a
602 3762 745 3838 pucritia
768 3763 902 3838 propius
926 3763 1078 3839 distaret,
1111 3764 1186 3825 aliis
1209 3764 1347 3825 tradidit
1369 3764 1544 3827 docendae.

319 3873 406 3950 Quae
440 3879 552 3937 autem
584 3879 701 3951 poetae
733 3875 834 3936 verba
864 3889 929 3936 non
960 3875 1001 3936 ab
1032 3878 1126 3937 omni
1156 3880 1249 3953 parte
1273 3891 1353 3939 vera
1374 3891 1450 3938 esee
1472 3892 1544 3938 con·

320 3991 398 4066 etet,
435 4005 473 4051 ea
508 3990 573 4050 nisi
609 3991 709 4052 certis
744 3991 952 4064 argumentis
986 3991 1119 4054 aliunde
1153 3991 1268 4055 allatis
1299 3992 1421 4068 partlm
1456 3994 1545 4053 certe

318 4103 448 4178 possint
481 4102 685 4177 confirmari,
721 4105 856 4165 omnino
888 4120 946 4180 pro
981 4106 1226 4168 commenticiis
1264 4109 1344 4167 eunt
1379 4105 1543 4180 habenda,

319 4231 394 4276 curn
429 4217 624 4292 praesertim
657 4218 771 4293 paucis
805 4217 902 4278 annis
936 4221 1012 4293 post
1047 4219 1129 4280 haec
1162 4219 1334 4295 scripserit
1365 4217 1439 4280 ille:
1476 4217 1545 4295 ,lix

319 4343 382 4402 quo
426 4329 641 4392 Daetalenscs
683 4331 790 4405 prima
830 4330 957 4406 fabula,
999 4347 1099 4405 quam
1148 4333 1282 4394 nomine
1323 4331 1432 4393 alieno
1475 4347 1545 4408 pro·

352 4631 373 4695 ¹)
390 4636 474 4687 Etiam
490 4639 584 4687 actoris
600 4638 687 4686 cilicio
704 4637 905 4698 Aristophanem
923 4640 949 4686 in
964 4639 1102 4702 liqnltlbne
1116 4641 1235 4689 rhoetum
1249 4641 1371 4702 perhibet
1385 4639 1547 4702 biographos

320 4713 382 4773 (rit
401 4717 416 4775 5
433 4719 465 4780 d),
490 4732 545 4767 rem
572 4717 680 4766 minime
702 4719 858 4775 absurdam
880 4732 948 4779 qnae
971 4717 993 4766 ei
1016 4723 1157 4781 conetnet,
1174 4721 1269 4768 melina
1285 4721 1484 4780 intellegeretur
1500 4732 1547 4767 cnr

321 4797 437 4844 comice·
457 4802 516 4859 poet
539 4798 656 4846 labolem
679 4811 774 4846 scenae
797 4797 965 4846 commissam
988 4799 1022 4844 eli
1040 4802 1187 4846 accusetur.
1204 4799 1257 4847 sed
1274 4799 1325 4846 ilde
1342 4803 1422 4856 earet,
1438 4813 1497 4847 narn
1516 4812 1548 4847 ex

322 4875 446 4936 Equitum
466 4890 543 4926 versu
570 4879 617 4925 iel
644 4891 782 4938 perperam
804 4878 939 4924 intellecto
961 4878 1025 4925 haee
1048 4876 1138 4938 opinio
1161 4883 1202 4926 eet
1224 4883 1299 4940 nate,
1317 4883 1344 4927 et
1360 4880 1470 4928 confuse
1486 4884 1547 4926 eunt

323 4955 403 5002 verb!
421 4955 536 5006 driccam
553 4961 581 5006 et
598 4959 776 5022 dnoquucdor.

353 5029 375 5094 ²)
394 5033 442 5094 Eq.
460 5037 594 5085 tii-tic
613 5041 640 5084 et
658 5037 801 5084 tit-tu.
