4375 6284
664 923 729 982 326
1106 933 1147 978 or
1170 931 1278 977 carru
1300 929 1452 976 omnmo.

664 1117 770 1168 τοῦτον
805 1109 839 1168 el
873 1106 1072 1183 particulam
1108 1101 1192 1164 ἀλλά.
1227 1103 1362 1179 Propior
1394 1104 1508 1164 autem
1543 1118 1565 1164 a
1598 1117 1678 1164 vero
1712 1102 1810 1164 distat
1837 1097 1875 1160 Ψ

663 1238 762 1297 quam
785 1222 827 1297 R,
851 1220 1137 1300 ααραδιοραοσντος
1160 1218 1250 1278 enim
1274 1218 1328 1277 eat
1349 1206 1416 1275 οὖν.

707 1336 755 1396 En
779 1335 868 1395 aliud
891 1333 1096 1410 exemplum.
1119 1331 1204 1393 Nub.
1228 1331 1294 1392 940
1316 1330 1345 1391 R
1369 1333 1460 1391 recte
1481 1330 1599 1392 babet:

929 1445 1002 1524 φέρε
1025 1444 1063 1524 δὴ
1085 1444 1212 1524 πότερος
1234 1441 1311 1517 λέξει
1332 1442 1490 1522 πρότερον,

662 1563 727 1624 nisi
759 1564 843 1636 quod
876 1563 910 1622 in
936 1560 1003 1622 fine
1025 1561 1174 1636 praestat
1195 1558 1362 1638 πρότερος.
1384 1558 1423 1618 In
1446 1556 1475 1616 V
1498 1557 1582 1619 haec
1602 1558 1725 1619 misere
1746 1558 1795 1618 aio
1813 1559 1881 1618 aunt

664 1680 835 1753 corrupta:

931 1785 1003 1868 φέρε
1027 1785 1066 1865 δὴ
1097 1789 1156 1860 τές
1185 1783 1290 1860 λέξει
1320 1784 1512 1864 πρότερος
1542 1782 1668 1863 ὑμῶν,

663 1920 747 1981 quae
777 1906 809 1965 in
840 1902 1059 1964 deterioribus
1089 1899 1258 1963 codicibus
1287 1915 1374 1961 novo
1404 1899 1486 1960 vitio
1508 1903 1589 1961 aunt
1611 1901 1800 1974 inquinata:
1821 1895 1883 1976 φέρε

664 2022 720 2089 τίς
743 2015 845 2090 λέξει
867 2016 1061 2096 πρότερος
1085 2015 1152 2087 (vel
1173 2018 1238 2086 -ον)
1261 2011 1378 2092 ὑμῶν.
1403 2014 1527 2089 Aperta
1549 2029 1603 2076 τοῦ
1625 2019 1689 2076 ost.
1708 2013 1819 2077 Codex
1835 2015 1883 2087 qui

664 2131 797 2194 librario
820 2129 849 2189 V
873 2131 1027 2207 exemplo
1051 2131 1114 2192 luit
1138 2128 1299 2191 babebat:

1148 2243 1183 2294 τές
1208 2241 1272 2296 ὑμῶν

932 2307 1004 2389 φέρε
1027 2308 1066 2386 δὴ
1089 2308 1214 2389 πότερος
1236 2308 1312 2382 λέξει
1333 2307 1487 2388 πρότερος.

710 2427 818 2488 Etiam
850 2427 959 2500 magis
988 2459 1030 2470 -
1060 2426 1091 2485 ai
1121 2426 1234 2500 potest
1263 2424 1371 2500 magis
1402 2458 1443 2468 -
1474 2426 1590 2500 aperta
1619 2426 1672 2486 est
1700 2424 1783 2486 mali
1803 2425 1884 2498 οτῑςο

665 2542 749 2603 Nub.
774 2542 851 2601 994.
874 2539 975 2600 Recte
998 2537 1043 2599 ibi
1066 2553 1196 2613 quoque
1216 2539 1262 2599 R:

709 2653 761 2714 καλ
785 2652 826 2732 μη
849 2675 933 2732 παρα
955 2652 1027 2726 τοὺς
1051 2656 1208 2726 σ[ε]αυτοτλ
1230 2649 1340 2732 γονέας
1362 2657 1636 2732 σκαιουργεῖν,
1657 2649 1729 2713 ἄλλο
1752 2675 1784 2714 τε
1801 2648 1885 2730 μηδὲν

710 2767 833 2848 αἰσχρὸν
856 2772 955 2828 ποιεῖν
977 2765 1050 2843 κτλ,

666 2883 696 2944 si
717 2881 924 2958 neglegimus
943 2881 1220 2957 vulgatissimum
1240 2894 1403 2958 errorem,
1423 2894 1489 2955 quo
1511 2879 1603 2958 περί
1623 2881 1706 2943 abiit
1728 2882 1763 2942 in
1785 2879 1885 2958 παρά.

666 2996 842 3071 sequiores
871 3010 949 3057 vero
980 2997 1091 3056 metro
1113 2994 1220 3056 invito
1244 2993 1367 3054 babent
1389 2998 1638 3074 κακουργεῖν.
1662 2993 1728 3056 Gur
1750 2994 1886 3058 babent?

665 3111 760 3172 Dicet
783 3111 821 3182 V,
845 3111 879 3172 in
903 3126 967 3185 quo
989 3111 1154 3186 scriptum
1177 3111 1247 3170 eat:

1349 3216 1489 3270 ααααυργαι

710 3277 761 3339 καλ
783 3276 825 3357 μὴ
847 3276 930 3358 παρὰ
952 3278 1023 3350 τοὺς
1046 3286 1175 3339 σεαυτοῦ
1198 3275 1307 3357 γονέας
1329 3281 1532 3358 σκαιουργεῖν.

710 3395 821 3468 Neque
851 3393 963 3453 minue
994 3395 1087 3454 certa
1118 3406 1172 3452 rea
1199 3394 1252 3453 eat
1280 3392 1364 3454 Nub.
1398 3392 1494 3468 1228,
1520 3391 1599 3454 licet
1620 3395 1829 3456 consentiant
1848 3391 1885 3453 ibi

667 3509 695 3568 V
717 3509 752 3569 ei
774 3508 820 3568 R:

844 3617 895 3680 καλ
917 3617 956 3696 νὴ
981 3615 1033 3679 Δί’
1058 3617 1233 3680 ἀποδώσειν
1255 3614 1279 3700 γ’
1305 3617 1446 3698 ἐπόμνυς
1469 3620 1540 3693 τοὺς
1561 3620 1655 3693 θεοὺς

843 3732 882 3793 τδ
910 3730 1033 3812 χρέος.
1066 3735 1155 3792 ΣΤΡ.
1177 3731 1220 3809 μὰ
1244 3729 1295 3792 Δί’
1323 3732 1361 3795 οδ
1384 3731 1442 3813 γδιρ
1465 3730 1607 3794 πώποτ’
1634 3731 1811 3814 ἐξηπίστατο

847 3847 1049 3925 Φειδιππίδης
1073 3869 1126 3924 μοι
1147 3845 1200 3907 τὸν
1223 3845 1434 3925 ἀκατάβλητον
1456 3846 1556 3927 λόγον.

666 3961 729 4022 Ubi
762 3961 870 4023 levius
900 3964 952 4022 est
982 3961 1102 4023 vitium
1137 3955 1284 4021 πώποτ’
1322 3976 1382 4037 pro
1417 3980 1471 4020 πα
1501 3956 1588 4037 τότ’,
1618 3961 1727 4024 multo
1759 3961 1885 4038 grariu

666 4075 833 4137 emblema
855 4075 887 4137 τὸ
910 4073 996 4156 χρέος
1020 4077 1054 4136 iu
1078 4077 1211 4137 textum
1235 4078 1418 4151 receptum.
1442 4073 1598 4138 (lomicua
1616 4075 1768 4138 dederat:

845 4188 886 4267 μδι
913 4188 1041 4253 (τὸν)
1069 4183 1121 4248 Δί’
1149 4188 1186 4250 οδ
1208 4188 1265 4269 γάρ
1288 4209 1341 4249 πω
1366 4183 1443 4250 τότ’
1470 4187 1647 4267 ἐξηπίστατο
1669 4187 1727 4250 κτέ.

710 4304 904 4366 cuiusmodi
939 4318 1070 4365 errores
1103 4305 1160 4379 qui
1195 4319 1256 4365 suo
1292 4305 1399 4380 pretio
1433 4306 1611 4366 aestimare
1645 4304 1772 4380 didicit,
1807 4305 1884 4364 iusto

667 4417 876 4480 audaciorem
909 4433 973 4479 non
1001 4418 1100 4479 ducet
1129 4417 1316 4478 Hermanni
1345 4419 1571 4480 coniecturam
1602 4417 1701 4495 vesp.
1732 4419 1805 4492 850,
1833 4428 1884 4492 pro

667 4533 817 4593 codicum
842 4533 871 4591 V
894 4534 928 4594 et
951 4532 978 4593 R
1002 4535 1037 4594 et
1059 4537 1247 4593 ceterorum
1270 4532 1412 4593 lectione

755 4642 835 4705 ἔστιν
860 4643 919 4723 δττὴ
944 4640 1014 4722 δῆθ’
1041 4639 1135 4723 ἥντιν’
1161 4641 1200 4704 ἂν
1223 4643 1355 4705 ένδοδευ
1377 4637 1441 4718 οἷός
1463 4640 1486 4705 τ’
1511 4645 1574 4722 εἴης
1597 4645 1781 4723 διορύξαι

666 4761 859 4837 reponentia
889 4758 1088 4838 διαλέξαι,
1118 4759 1192 4822 coll.
1224 4760 1384 4835 Hesycbii
1407 4760 1521 4835 glossa
1551 4758 1713 4836 ,διαλέξας
1735 4755 1883 4836 lanei&

666 4876 700 4933 et
722 4874 929 4949 Lysistratae
952 4873 1064 4937 vorbis
1087 4878 1148 4936 ivs.
1173 4875 1267 4945 720):

842 4986 898 5066 τὴν
920 4985 975 5066 μέν
998 5009 1031 5068 γι
1053 4986 1177 5067 πρώτην
1202 4985 1403 5068 διαλέγουσαν
1425 4987 1482 5067 τὴν
1505 4983 1586 5066 δπην
1605 4986 1611 5064 Ι
1631 4985 1800 5068 κατέλαβον.
