4375 6284
659 945 724 1003 304
1100 961 1143 1006 nn
1165 961 1273 1006 ωτι]
1295 963 1448 1008 rnrnrro.

659 1129 778 1204 quippe
800 1129 835 1190 in
857 1146 892 1191 re
914 1131 1051 1207 ineerta,
1076 1147 1156 1192 nam
1178 1134 1347 1195 utrumvis
1370 1137 1461 1196 reete
1482 1135 1616 1213 dieitur,
1640 1170 1683 1180 -
1703 1138 1788 1199 redit
1803 1153 1827 1198 e.
1842 1154 1867 1212 g.
1941 1188 1942 1199 ,

658 1243 735 1317 Lys.
766 1243 842 1320 941,
874 1244 930 1305 ubi
961 1245 994 1305 in
1026 1245 1199 1322 Rlegitur
1220 1246 1358 1325 πρότεινε
1381 1245 1427 1325 δι)
1450 1245 1508 1325 τὴν
1529 1253 1624 1328 χεῖρα,
1645 1250 1681 1310 in
1703 1254 1733 1309 Γ
1750 1249 1868 1326 πρότεινε

579 1421 582 1428 ,
659 1364 732 1415 νῦν
755 1379 778 1414 τ.
801 1379 827 1435 χ.

703 1469 789 1532 Plut.
813 1471 878 1531 975
902 1487 986 1532 sana
1007 1475 1060 1534 est
1085 1473 1208 1535 rodida
1230 1474 1401 1537 illectis:

925 1584 1018 1648 ἄκουέ
1040 1611 1109 1666 νυν,
1129 1580 1169 1667 ἦν
1191 1590 1247 1667 μοί
1266 1612 1294 1650 τι
1320 1590 1477 1669 μειράκων
1499 1590 1601 1668 φίλον.

659 1698 695 1758 ln
726 1701 859 1761 textum
890 1702 1012 1764 codicis
1042 1703 1071 1764 Β
1099 1705 1235 1780 irrepsit
1264 1706 1362 1767 lectio
1389 1705 1505 1783 altera,
1529 1706 1605 1768 dein
1629 1711 1796 1782 expuncta
1815 1707 1868 1780 est,
1944 1768 1945 1779 ,

660 1813 759 1874 habat
780 1815 869 1875 enim
893 1806 1007 1894 ἦννδή,
1031 1819 1115 1879 item
1138 1819 1167 1878 A
1190 1820 1262 1881 sine
1285 1822 1419 1896 punctis
1442 1811 1483 1899 ἦν
1506 1820 1554 1898 δή.

705 1929 758 1990 Sic
799 1931 877 1990 noto
919 1902 1057 1992 lldmeri
1100 1932 1173 1994 loco
1213 1956 1234 2008 η
1267 1934 1311 1996 86
1345 1934 1476 1996 eodices
1510 1934 1633 2010 egregii
1668 1934 1733 1996 ΘΒ
1765 1934 1873 1996 habent

657 2040 810 2118 χάιιε(ι)οι
840 2040 905 2120 μέν,
933 2060 1014 2105 ιιοιι1
1031 2045 1144 2106 minus
1173 2052 1347 2122 praestans
1374 2049 1400 2108 P
1422 2047 1543 2126 χάλκεοι
1564 2048 1633 2128 γάρ,
1654 2048 1759 2110 reteri
1780 2048 1873 2108 inrita

658 2155 768 2231 prisca
790 2155 932 2218 dictione
954 2157 1072 2235 χάλκεοι
1096 2154 1152 2236 μὲν
1171 2160 1239 2240 γάρ.

702 2269 769 2332 Nec
798 2286 863 2332 non
893 2275 1008 2348 aperta
1030 2289 1084 2334 res
1108 2277 1160 2335 est
1182 2275 1239 2350 llq,
1264 2276 1341 2352 697,
1364 2276 1421 2337 ubi
1444 2279 1577 2338 veteres
1599 2274 1794 2336 dubitabant
1814 2289 1874 2334 ver·

659 2385 743 2447 bone
773 2385 1019 2463 περιιοιιΰσαι
1048 2403 1090 2450 an
1122 2377 1312 2449 -ιοκιᾶσαι
1342 2391 1492 2451 eominus
1522 2391 1612 2450 esset
1632 2403 1726 2450 usus.
1748 2389 1875 2449 Photius

659 2500 775 2561 scribit
796 2499 1029 2578 περιεκόκκασα,
1052 2502 1183 2564 codices
1205 2502 1234 2561 V
1257 2507 1292 2563 et
1321 2504 1468 2580 plerique
1498 2503 1658 2581 praebent
1685 2521 1773 2576 ene,
1801 2502 1833 2561 in
1852 2500 1875 2559 Β

659 2629 737 2676 vero
759 2615 882 2690 legitur
903 2615 1178 2694 περιειόκιαυσα.
1197 2617 1258 2693 Qui
1277 2619 1423 2679 trimetri
1441 2619 1553 2680 exitus
1571 2620 1680 2678 metro
1698 2629 1875 2692 repugnans

659 2744 678 2790 e
699 2719 917 2807 περιειόκιῗισα
941 2730 1006 2802 (vel
1028 2721 1133 2799 -adeal
1157 2737 1210 2791 est
1233 2735 1343 2793 natus.

702 2843 785 2906 Ran.
812 2846 896 2907 1276
919 2860 978 2921 pro
1001 2842 1087 2904 ὅδιον
1109 2858 1143 2903 m
1167 2842 1195 2901 V
1218 2843 1360 2919 aliisque
1382 2845 1505 2921 legitur
1527 2843 1613 2905 ὅσιον
1636 2845 1745 2921 priseo
1764 2857 1874 2905 errore.

658 2964 742 3040 Quid
764 2965 817 3026 a?
840 2965 940 3027 nabet
963 2961 996 3037 ὃς
1020 2965 1099 3042 δῖοι,
1121 2968 1142 3029 r.
1167 2985 1196 3030 ι.
1220 2933 1317 3028 riae.

702 3079 793 3141 Idem
823 3080 950 3142 obtinet
977 3081 1052 3156 Lys.
1078 3083 1132 3159 45,
1158 3081 1211 3142 ubi
1235 3074 1406 3160 mppspla’
1431 3076 1619 3158 ὀρθοστάδια
1642 3082 1782 3141 vocatur
1801 3077 1875 3139 mni

658 3207 771 3254 carum
817 3193 1038 3256 leminearum
1073 3197 1258 3271 pretiosum
1293 3195 1459 3270 quoddam
1496 3210 1612 3271 genus.
1647 3193 1720 3255 Vox
1754 3193 1876 3255 aliunde

657 3308 772 3382 ignota
802 3308 967 3381 quomodo
998 3312 1088 3369 esset
1119 3310 1292 3371 scribenda
1320 3324 1438 3386 parum
1462 3308 1638 3370 eonstabat
1660 3308 1758 3384 olim,
1781 3321 1876 3380 neque

658 3438 747 3484 nune
767 3426 914 3502 eonstat3
935 3439 1014 3486 nam
1034 3421 1207 3504 xapprpln'
1229 3427 1330 3488 habat
1348 3424 1597 3500 codernquod
1609 3437 1740 3483 merum
1753 3421 1874 3482 videtur

657 3536 812 3613 sphalma
845 3537 971 3598 librarii
1004 3554 1062 3615 pro
1097 3540 1212 3602 littera
1245 3542 1265 3616 β
1299 3544 1344 3610 (ιι)
1377 3539 1520 3615 legentis
1550 3560 1584 3613 p,
1615 3535 1744 3598 scholia
1771 3538 1872 3595 autem

658 3651 798 3711 habent:
831 3651 1043 3730 ,κιμβερικὰ
1070 3647 1090 3730 ἢ
1120 3652 1311 3731 κιμβερίια.”
1341 3653 1380 3713 ln
1403 3653 1433 3714 Β
1456 3667 1535 3714 vero
1559 3649 1723 3726 scriptum
1745 3651 1796 3710 eat
1815 3669 1872 3720 ιιι·

658 3769 762 3847 βερινι
781 3769 964 3830 coniunctis
983 3769 1181 3832 lectionibus
1199 3771 1372 3832 ambabus.
1391 3771 1618 3846 Archetypum
1639 3767 1741 3843 igitur
1750 3749 1873 3844 ιιιβιρᾶ

658 3889 718 3947 aut
740 3874 878 3964 κιμβεριιῖ
900 3886 1055 3948 habebat.

702 3999 787 4061 Eeel.
823 4001 887 4062 317
923 4002 972 4062 sie
1006 4004 1087 4063 nata
1117 4005 1169 4063 est
1199 4003 1322 4064 codicis
1351 4002 1501 4064 Rleetio
1525 4000 1675 4063 numeris
1698 4007 1874 4076 repugnans

660 4112 830 4193 Κοπρέαιος
854 4115 875 4176 1.
899 4131 928 4177 θ.
953 4107 1121 4194 honoiem.

702 4229 743 4290 Et
765 4230 881 4290 eedem
904 4229 968 4291 fuit
986 4231 1078 4306 origo
1098 4231 1246 4292 nominis
1264 4231 1387 4307 proprii
1407 4229 1633 4307 Πεισθιιαίρου
1652 4230 1716 4289 Ar.
1729 4228 1873 4290 erlem:

659 4345 714 4420 qui
737 4345 790 4406 vir
812 4347 872 4406 aut
895 4342 1089 4422 Πεισέιαιρος
1112 4345 1271 4407 dicendus
1294 4345 1358 4406 tuit
1382 4378 1423 4388 —
1447 4345 1544 4418 idque
1567 4344 1736 4404 sincerum
1755 4339 1873 4400 videtur

659 4473 779 4519 nemen
813 4491 851 4502 -
884 4461 942 4517 aut
973 4455 1188 4536 Πειθέιαιρος,
1220 4459 1306 4533 quod
1337 4457 1395 4518 alii
1418 4471 1535 4517 verum
1558 4456 1704 4531 ducunt;
1727 4453 1870 4515 traditam

659 4586 736 4633 vero
770 4573 915 4633 nominis
949 4571 1093 4635 termam
1128 4591 1194 4637 non
1226 4573 1376 4640 admittit
1405 4572 1528 4648 lingua.
1559 4571 1599 4631 In
1622 4571 1795 4644 archetypo
1814 4563 1869 4625 luit

659 4668 846 4782 uerbenam
868 4705 927 4763 aut
949 4677 1148 4777 πειὸἕταιρος.

702 4818 855 4880 Eiusdem
888 4817 1015 4878 tannae
1046 4817 1099 4876 est
1128 4812 1213 4888 quod
1235 4811 1264 4872 Β
1286 4807 1389 4875 habet
1410 4811 1494 4872 Ran.
1518 4812 1595 4873 925.
1617 4810 1684 4872 Ubi
1707 4807 1865 4888 ῥήματι·-

658 4931 882 5012 μορμνρωιιά
904 4929 1071 5004 Aeschylo
1095 4928 1214 4988 tribuit
1236 4927 1341 4988 codex
1361 4926 1401 5003 V,
1426 4925 1649 5006 μορμορωπά
1671 4926 1737 5002 alii,
1760 4919 1864 4982 vidore

658 5063 790 5125 omnes,
814 5061 892 5108 nam
917 5043 1147 5124 μορμοΝωπά
1169 5042 1306 5103 dederat
1328 5041 1488 5102 comicus.
1512 5040 1577 5102 Sed
1596 5039 1716 5102 esteris
1732 5031 1866 5098 videmur
