4375 6284
741 963 821 1008 vrrs
844 963 883 1007 nn
906 961 1075 1008 erasinus.
1454 947 1514 1006 117

987 1039 996 1080 l

304 1151 353 1211 per
374 1150 476 1196 annos
501 1136 587 1196 vixit
609 1151 671 1197 nec
694 1138 807 1196 tamen
831 1135 932 1197 nimis
955 1134 1025 1209 diu,
1050 1132 1184 1207 ingenio
1208 1134 1241 1194 et
1264 1147 1398 1208 corpore
1416 1147 1520 1206 usque

304 1249 338 1309 ad
360 1249 446 1309 vitae
468 1247 571 1311 linem
593 1248 729 1325 valens3
753 1249 810 1323 oui
833 1250 914 1309 ante
937 1261 1061 1308 annum
1080 1247 1217 1307 sexium
1238 1259 1337 1319 quam
1358 1244 1439 1305 obiit
1456 1245 1520 1305 fuit

304 1378 378 1423 unus
404 1377 423 1423 e
453 1363 566 1425 decem
598 1363 694 1440 viris,
726 1362 846 1446 quihus
869 1362 904 1422 in
927 1361 1046 1423 ultimo
1068 1376 1181 1422 rerum
1205 1358 1350 1434 periculo
1374 1358 1520 1420 civitatis

302 1477 383 1538 salus
399 1478 451 1538 est
467 1477 668 1554 concredita,
686 1480 720 1538 et
736 1479 813 1537 ante
831 1490 956 1537 annum
975 1477 1132 1548 quartum
1152 1473 1373 1534 Philoctetam
1393 1472 1517 1550 docuit,

301 1605 441 1651 sommae
464 1590 547 1651 artis
570 1605 666 1667 opus,
692 1591 745 1652 cui
767 1590 914 1666 primum
940 1587 1126 1666 praemium
1150 1603 1170 1647 s
1192 1585 1358 1648 iudicibus
1378 1586 1518 1648 scenicis

301 1703 408 1765 morito
441 1707 495 1764 est
527 1704 702 1765 tributum.
733 1704 846 1779 Neque
877 1706 995 1780 postea
1024 1701 1149 1762 misses
1179 1700 1257 1761 iecit
1283 1713 1411 1776 musas,
1438 1701 1516 1761 anni

300 1819 402 1878 autern
431 1819 497 1878 406
531 1833 647 1879 mense
677 1818 794 1878 Martio
822 1817 863 1879 ob
894 1819 1037 1878 mortem
1065 1814 1229 1890 Euripidis
1252 1815 1369 1890 poetae
1392 1812 1516 1874 aemuli

299 1930 417 1992 luctum
447 1946 523 1992 oum
554 1931 654 1992 choro
685 1934 718 1992 et
742 1929 959 1992 histrionibus
981 1929 1052 1991 suis
1075 1928 1187 2005 palam
1211 1926 1419 2004 significavit.
1443 1927 1514 1988 Iam

300 2045 424 2105 iortuna
454 2044 610 2105 ultimum
641 2043 763 2119 largita
792 2042 988 2105 beneficium
1021 2043 1113 2120 prius
1144 2057 1219 2103 eum
1244 2057 1262 2103 e
1286 2041 1356 2102 vila
1378 2039 1517 2104 sustulit

300 2173 389 2230 quam
411 2158 520 2233 patria
541 2158 641 2218 malis
665 2159 716 2218 est
739 2172 861 2220 mersa.
1444 2157 1450 2170 '

491 2271 692 2346 ,sophocles
715 2271 833 2332 beatus
857 2270 928 2331 ille!
955 2268 1171 2331 Grandasvus
1193 2284 1297 2331 senex

491 2384 601 2461 ,Obiit
624 2385 752 2460 fuitque
776 2384 965 2446 fortunatus
988 2386 1022 2447 et
1044 2385 1150 2445 catus.

492 2497 636 2574 ,Multas
659 2498 806 2560 dedisset
828 2513 905 2560 cum
928 2496 1116 2572 tragoedias
1141 2496 1259 2573 bonas,

490 2612 642 2687 ,Bonum
666 2612 794 2673 exitum
817 2611 947 2689 hahuit,
972 2611 1083 2674 omnis
1105 2625 1211 2686 usquo
1234 2626 1353 2687 expers
1375 2609 1489 2672 mali.”

302 2725 398 2786 -sic
424 2739 541 2786 recens
571 2724 765 2786 defunctum
798 2724 978 2788 celebravit
1001 2725 1211 2801 Phrynichus
1234 2727 1331 2801 poete
1353 2723 1517 2802 comicus,

302 2839 492 2901 dulcioribus
526 2839 638 2901 verbis
673 2855 773 2914 qoam
803 2855 863 2916 pro
893 2841 1036 2901 dictione
1067 2839 1195 2901 comica
1223 2853 1305 2899 usus
1328 2852 1403 2899 oum
1426 2837 1517 2900 illius

302 2954 356 3013 viri
375 2955 500 3014 iaceret
521 2953 742 3030 mentionem,
774 2954 829 3028 qui
853 2954 956 3016 setati
980 2952 1169 3030 recentiori,
1201 2953 1288 3014 inter
1311 2965 1410 3025 quam
1434 2954 1516 3014 tem·

300 3067 348 3127 diu
376 3068 528 3129 vorsatus
559 3069 632 3128 eret
662 3068 757 3129 sonis
787 3069 927 3129 ornatus
958 3082 1023 3129 uon
1054 3067 1194 3144 fractus,
1225 3068 1427 3131 immortalis
1448 3067 1517 3130 iere

300 3183 363 3240 erat
391 3183 497 3257 visus,
531 3180 667 3242 Periclis
697 3181 778 3243 olim
809 3184 843 3243 et
873 3181 1032 3244 Herodoti
1054 3182 1193 3243 amicus.
1216 3183 1310 3244 Nono
1333 3184 1459 3260 etipse
1482 3184 1515 3245 in

300 3308 500 3356 communem
531 3295 641 3357 locum
673 3295 811 3373 abierat,
844 3298 878 3357 et
908 3296 1060 3357 dramata
1089 3311 1151 3358 sus
1174 3298 1316 3374 tempori
1338 3298 1515 3372 reliquerat

300 3407 474 3471 iudicanda.

339 3523 415 3596 Quid
437 3525 552 3585 autem
576 3523 616 3585 ds
638 3524 718 3585 sede
740 3522 874 3585 Plutoni
897 3524 1076 3600 proxima?

338 3635 403 3697 Non
433 3637 496 3698 sibi
527 3637 757 3700 vindicaturus
787 3640 860 3699 erat
881 3638 951 3715 ille,
976 3642 1014 3700 ut
1037 3639 1225 3714 Euripides!
1251 3639 1337 3700 Nam
1362 3654 1426 3714 quo
1449 3655 1517 3702 me·

299 3747 400 3827 liores,
435 3766 474 3812 eo
505 3751 724 3814 modestiores
756 3767 830 3815 esse
862 3753 971 3814 solent
1000 3753 1175 3830 mortales,
1201 3757 1235 3816 et
1258 3769 1345 3814 unus
1368 3753 1516 3815 omnium

298 3863 578 3926 moderatissimus
608 3865 805 3928 lenissimus
835 3866 1015 3928 facillimus
1044 3865 1154 3928 iuerat
1184 3867 1372 3942 Sophocles.
1404 3867 1515 3928 Vitam

299 3974 421 4038 vixerat
448 3978 683 4056 tranquillam,
715 3978 834 4042 beatos
864 3995 1000 4056 corpore
1029 3979 1125 4041 iirmo
1157 3983 1190 4041 et
1212 3995 1319 4054 usque
1342 3981 1383 4041 ad
1407 3995 1517 4042 seram

298 4094 492 4153 senectutem
517 4093 648 4169 decoro,
672 4092 712 4153 ob
740 4092 883 4169 plurimo
905 4108 1006 4168 opera
1025 4093 1317 4169 praestantissima
1336 4093 1519 4156 honoratus

298 4201 378 4263 iuter
409 4205 517 4282 cives,
549 4208 587 4266 ut
622 4207 678 4280 qui
716 4206 780 4267 diis
815 4208 849 4268 in
892 4208 1008 4282 paucis
1051 4222 1149 4268 carus
1180 4211 1280 4269 essct.
1315 4208 1461 4269 Laudem
1498 4224 1517 4268 a

298 4314 417 4378 civibus
449 4334 515 4381 non
550 4321 727 4396 petiverat,
764 4320 821 4381 sed
857 4319 1003 4381 debitam
1037 4319 1101 4380 sihi
1136 4322 1170 4381 et
1199 4320 1339 4382 libenter
1370 4320 1517 4382 oblatam

298 4435 472 4507 acceperat,
496 4448 603 4507 neque
626 4434 659 4494 iu
683 4434 818 4510 regione
845 4433 1003 4495 umbrosa
1025 4433 1267 4509 efflagitaturus
1290 4435 1362 4494 erat
1385 4435 1520 4496 virtutis

296 4547 484 4624 praemium,
509 4549 539 4608 si
562 4547 690 4609 tardius
713 4548 776 4608 sibi
800 4547 1012 4609 tribueretur.
1038 4547 1101 4608 Sed
1121 4546 1329 4608 salutaturus
1349 4562 1426 4610 eum
1446 4552 1518 4610 eret

299 4653 473 4733 aeschylus
494 4675 723 4723 successorem
748 4660 811 4722 sibi
835 4661 922 4722 hsud
945 4661 1152 4737 inferiorem,
1176 4663 1211 4722 st
1232 4661 1371 4723 sltersm
1391 4663 1517 4737 partem

298 4769 382 4830 sedis
402 4771 599 4837 honorificae
623 4774 710 4837 ultro
734 4774 764 4836 ei
788 4789 958 4851 cessurus,
983 4774 1099 4847 utqui
1123 4788 1187 4837 non
1211 4775 1324 4837 miuus
1342 4791 1382 4836 eo
1400 4775 1519 4850 dignus

298 4885 383 4943 esset
402 4901 499 4960 quam
523 4888 595 4963 ipse
617 4888 815 4963 Aeschylus.

338 4996 450 5074 Itaque
479 5003 596 5077 poetae
627 5003 753 5064 oomico
778 5003 1020 5079 postmortem
1044 5001 1214 5077 Sophoclis
1237 5017 1302 5063 non
1325 5005 1397 5063 erat
1419 5017 1520 5063 causa
