4375 6284
632 917 675 977 94
1151 931 1192 974 nn
1215 929 1339 975 norrun

634 1104 726 1180 ,dias
749 1102 993 1178 componendas
1015 1104 1049 1163 et
1065 1101 1200 1164 iosdsra
1211 1101 1438 1164 concinnanda
1449 1104 1547 1163 natas
1559 1117 1678 1164 sumus
1689 1101 1846 1164 mulieres.

635 1217 829 1293 ,Advortite
851 1217 949 1279 modo
972 1216 1104 1292 glomus
1126 1215 1355 1292 perturbatum
1379 1215 1620 1278 diducentibus.
1642 1216 1732 1278 Nihil
1755 1215 1846 1277 ibivi

635 1333 714 1407 ,aut
743 1335 869 1393 temere
900 1331 1027 1407 agitur;
1062 1345 1129 1392 non
1153 1330 1309 1392 vellimus
1338 1344 1445 1404 neque
1479 1330 1663 1408 caedimus,
1697 1331 1756 1391 sed
1789 1329 1847 1390 leni

634 1460 758 1520 ,manu
776 1443 833 1506 illa
848 1448 943 1506 caute
966 1445 1207 1520 comprehensa
1229 1443 1466 1518 distrahimus;
1490 1443 1589 1506 modo
1611 1444 1750 1519 laqueus
1768 1441 1847 1518 paul·

636 1560 763 1636 ,lulum
786 1561 954 1636 dilatatur,
979 1560 1076 1622 modo
1095 1574 1153 1635 per
1172 1559 1294 1621 nodum
1308 1559 1459 1620 laxatum
1472 1557 1707 1620 duciturfilum
1723 1560 1849 1620 iterum·

636 1689 720 1751 ,que
743 1674 874 1736 ducitur
896 1673 1005 1750 illum,
1028 1688 1174 1748 moxque
1193 1673 1278 1733 bene
1297 1673 1446 1735 ordinata
1465 1676 1544 1734 sunt
1563 1674 1675 1734 omnia
1693 1673 1785 1734 nullo
1802 1669 1851 1732 illo

637 1792 764 1865 ,rupto
794 1789 836 1849 lit
864 1789 977 1850 lanam
1008 1787 1172 1863 quomodo
1200 1787 1365 1848 iaciamus
1386 1802 1494 1848 nonne
1517 1787 1649 1849 nostis?
1672 1785 1787 1848 Vellus
1809 1787 1849 1845 ln·

635 1903 774 1980 ,forma
799 1902 953 1963 sordibus
975 1901 1161 1977 oppletum,
1186 1899 1227 1960 ab
1250 1901 1324 1962 ovis
1347 1916 1482 1976 corpore
1506 1915 1621 1962 recens
1644 1915 1719 1961 cum
1734 1899 1849 1974 accepi·

637 2030 747 2097 ,mus,
777 2031 863 2091 aqua
893 2015 1064 2090 diluimus,
1095 2013 1234 2075 trlbolos
1256 2016 1290 2074 et
1320 2013 1436 2089 lappas
1464 2014 1633 2089 patienter
1662 2013 1850 2086 evellimus,

636 2129 770 2204 ,flagris
795 2131 929 2191 strenue
959 2128 1160 2189 discutimus
1185 2126 1337 2202 quicquid
1364 2127 1504 2202 pilorum
1529 2126 1722 2203 perplexum
1746 2126 1851 2188 cobae-

636 2245 721 2321 ,ret,
745 2243 848 2305 donec
870 2240 986 2303 mollia
1008 2242 1124 2302 tenuia
1146 2239 1284 2302 candida
1305 2240 1394 2301 iacta
1416 2243 1496 2301 sunt
1518 2240 1640 2302 omnia.
1667 2239 1750 2301 Dein
1772 2239 1853 2302 levia

636 2354 712 2432 ,fila
740 2354 911 2432 fingimus,
939 2354 1074 2415 tandem
1098 2356 1228 2415 vestem
1251 2353 1335 2415 bene
1357 2352 1497 2414 calidam
1520 2353 1595 2414 inde
1617 2354 1767 2414 teximus
1790 2367 1852 2414 ma·

637 2470 740 2545 ,ritis
771 2470 884 2545 Ipsina
905 2469 1027 2530 melius
1050 2468 1181 2529 calletis
1204 2466 1401 2544 lanificium,
1426 2483 1445 2528 o
1467 2467 1568 2529 boni?
1592 2468 1854 2542 aequanimam

637 2587 729 2660 ,arie
750 2583 918 2657 similique
941 2581 1077 2644 consilio
1101 2582 1277 2642 uteremini
1304 2581 1338 2642 in
1361 2581 1533 2642 nectendis
1556 2581 1704 2643 consiliis
1727 2585 1762 2643 et
1785 2595 1852 2642 con·

637 2696 839 2773 ,dicionibus
862 2695 1114 2772 componendisl
1140 2695 1222 2772 Quin
1249 2695 1375 2756 incolas
1398 2694 1602 2756 coloniarum
1625 2697 1659 2756 et
1681 2695 1854 2755 civitatum

638 2811 898 2887 ,foederatarum
927 2811 962 2871 et
991 2808 1171 2883 inquilinos
1200 2823 1277 2870 cum
1306 2809 1405 2869 buius
1432 2809 1523 2869 urbis
1546 2808 1675 2870 civibus
1696 2810 1731 2869 in
1754 2823 1852 2869 unum

638 2925 706 3001 ,rei
738 2923 888 2999 publicae
920 2937 1053 2998 corpus,
1085 2923 1123 2982 ut
1143 2921 1239 2982 lanae
1262 2922 1381 2983 floccos
1403 2922 1437 2982 in
1459 2936 1636 2983 commune
1658 2923 1855 2996 canistrum,

638 3041 808 3115 ,receptos
837 3037 1006 3098 artissime
1037 3037 1253 3112 coniungitis,
1283 3035 1369 3096 unde
1404 3033 1461 3096 flat
1491 3034 1624 3097 firmum
1655 3036 1857 3109 densumque

637 3152 769 3228 ,populi
791 3153 1039 3226 tegumentum,
1063 3149 1283 3225 procellarnm
1309 3149 1380 3210 sive
1403 3148 1597 3210 bellicarum
1616 3151 1688 3212 sive
1708 3151 1856 3212 civilium

637 3265 889 3342 ,intemperiem
912 3263 1148 3325 defensurum’'
1163 3307 1170 3324 .
1185 3307 1193 3323 .
1208 3307 1215 3324 .

679 3492 816 3553 Utinam
857 3505 939 3552 sane
978 3505 1092 3552 aurem
1128 3490 1360 3566 praebuissent
1393 3491 1616 3551 Athenienses
1645 3491 1860 3554 Pacificatrici

636 3606 812 3683 prudenter
834 3606 939 3666 sicet
961 3604 1122 3665 benevole
1144 3604 1311 3666 monentil

682 3719 888 3794 Quamquam
911 3719 945 3777 in
969 3717 1092 3793 pulpito
1117 3717 1243 3779 comico
1267 3717 1405 3778 indicari
1427 3719 1559 3779 tantum
1579 3721 1758 3795 potuerunt
1778 3720 1862 3780 eius·
1955 3747 1956 3774 r

636 3833 727 3894 modi
750 3832 790 3895 de
812 3832 912 3894 rebus
930 3831 1071 3918 publicis
1091 3829 1242 3907 consilia,
1263 3844 1329 3892 non
1349 3830 1422 3892 luse
1440 3831 1580 3893 clarisve
1599 3831 1710 3894 verbis
1722 3833 1861 3910 exponi;
1955 3849 1956 3880 r

637 3949 671 4008 et
694 3946 746 4007 vel
769 3946 818 4007 sic
836 3945 968 4007 cautius
986 3947 1060 4005 erat
1077 3943 1242 4019 agendum
1262 3959 1320 4019 per
1339 3944 1457 4006 borum
1475 3947 1663 4021 temporum
1676 3949 1860 4022 angustias.

637 4061 752 4135 Itaque
794 4059 882 4120 seria
922 4073 1007 4133 quae
1048 4058 1195 4134 proferre
1230 4057 1346 4118 babuit
1379 4060 1490 4134 poeta,
1527 4058 1669 4121 effrenae
1702 4061 1863 4122 lasciviae
1955 4057 1956 4124 3

636 4172 788 4234 ludibriis
812 4172 1010 4247 immiscuit,
1038 4204 1079 4216 -
1104 4186 1169 4232 non
1201 4185 1281 4232 saue
1308 4171 1438 4246 placida
1460 4175 1575 4234 mente
1595 4176 1629 4234 et
1651 4174 1757 4236 veluti
1779 4175 1861 4236 invi·

636 4289 693 4347 tus
716 4285 872 4362 gravibus
896 4284 1006 4346 verbis
1024 4285 1138 4346 fucum
1157 4285 1306 4348 iocorum
1326 4285 1516 4347 scurrilium
1536 4286 1731 4364 obtendens,
1748 4303 1863 4362 quem·

638 4398 815 4461 admodum
859 4395 1134 4474 pharmacopolae
1175 4397 1298 4473 pilulas
1338 4413 1471 4460 amaras
1510 4399 1645 4476 pulvere
1686 4400 1865 4475 liquiritiae

636 4512 826 4587 involvunt,
852 4511 910 4572 sed
932 4527 1020 4572 nunc
1050 4525 1179 4586 quoque
1202 4513 1294 4573 totus
1318 4512 1555 4589 aliquantisper
1578 4514 1696 4575 vivens
1718 4515 1751 4574 in
1775 4515 1865 4576 laeto

637 4641 748 4686 rerum
781 4623 934 4686 fictarum
967 4623 1061 4700 orbe,
1098 4624 1263 4685 malorum
1294 4625 1442 4687 civilium
1476 4625 1614 4702 oblitus,
1638 4626 1725 4700 quod
1747 4633 1865 4689 mente

637 4741 785 4816 concepit
812 4754 947 4815 germen
979 4753 1093 4800 amore
1124 4737 1244 4799 fovens
1267 4741 1456 4802 tenerrimo.
1481 4741 1562 4802 Mira
1585 4743 1698 4802 autem
1721 4742 1865 4804 admira·

636 4855 727 4915 tione
745 4853 799 4914 bic
818 4867 935 4913 musae
952 4853 1084 4913 iocosae
1100 4852 1191 4913 letus
1210 4855 1244 4913 st
1262 4853 1359 4915 bodie
1377 4854 1528 4930 legentes
1544 4855 1690 4930 detinet,
1713 4857 1868 4918 sentiunt

638 4967 725 5029 enlm
757 4967 874 5041 poetae
898 4964 1029 5026 candidi
1058 4965 1122 5026 boc
1144 4981 1218 5027 esse
1242 4981 1324 5042 opus
1346 4973 1380 5027 et
1404 4967 1532 5028 clvitati
1556 4968 1681 5044 optime
1704 4969 1866 5045 volentis,
