4375 6284
754 942 834 988 vrrs
857 942 897 988 rr
920 942 1093 991 cenamus.
1494 926 1536 987 tt

359 1115 475 1189 ltaque
514 1114 583 1176 tore
626 1127 691 1175 non
732 1112 908 1174 videbatur
951 1115 987 1175 ut
1023 1113 1176 1174 meliores
1209 1114 1301 1188 pacis
1334 1113 1542 1174 condiciones

324 1228 545 1305 Peloponnesii
579 1227 634 1288 din
670 1227 772 1288 etiam
805 1226 1046 1300 desiderarent,
1079 1241 1158 1287 nam
1189 1227 1261 1302 ipse
1290 1242 1400 1287 rerum
1425 1241 1542 1288 cursus

323 1343 484 1402 civitatem
517 1340 770 1401 Atheniensium
795 1353 834 1400 eo
857 1338 1012 1401 trudebat
1034 1355 1099 1414 quo
1121 1343 1335 1415 speraverant
1357 1339 1541 1415 quicunque

322 1456 381 1516 sive
405 1455 439 1514 in
464 1454 545 1529 ipsis
568 1454 708 1515 Athenis
730 1453 802 1513 sive
823 1451 902 1513 alibi
920 1452 1078 1514 favebant
1101 1453 1250 1530 Spartae.
1270 1453 1341 1514 Non
1359 1453 1541 1514 sublecturi

323 1569 399 1630 banc
440 1569 538 1627 orant
579 1565 815 1641 Athenienses,
858 1565 915 1628 sed
957 1567 1125 1628 amicitiae
1159 1565 1302 1628 vinculis
1338 1567 1444 1627 denuo
1477 1566 1541 1627 sibi

323 1681 518 1754 adiuncturi;
565 1679 606 1741 ab
647 1678 873 1755 Aristophane
915 1694 1030 1756 pacem
1073 1680 1177 1741 etiam
1213 1679 1452 1756 commendari,
1488 1679 1539 1740 vel

322 1795 433 1856 lacessi
463 1795 553 1855 viros
583 1793 639 1868 qui
669 1793 791 1854 bellum
823 1791 910 1854 finiri
941 1793 1080 1869 nollent,
1106 1808 1171 1854 non
1195 1794 1267 1854 erat
1289 1808 1439 1870 necesse,
1464 1809 1540 1868 quo·

321 1909 403 1969 niam
441 1923 496 1968 res
532 1907 583 1969 vel
618 1908 667 1969 sic
697 1908 781 1968 satis
812 1906 894 1968 bene
924 1907 1157 1983 procedebant.
1188 1907 1230 1967 Et
1259 1922 1339 1967 vera
1368 1889 1433 1982 porr
1463 1906 1541 1968 licet

321 2025 394 2082 tuno
424 2036 490 2082 non
523 2021 570 2081 sit
598 2021 700 2098 tacta,
733 2020 885 2082 induciae
917 2021 1007 2082 certe
1037 2023 1117 2082 sunt
1147 2020 1248 2082 initae
1278 2035 1394 2081 menso
1425 2020 1541 2081 Martio

321 2135 393 2197 anni
424 2135 501 2196 423.

363 2361 430 2440 Quo
453 2364 604 2438 tempore
627 2360 781 2423 cleonem
803 2364 836 2422 et
854 2363 909 2437 qui
929 2361 970 2422 ab
990 2363 1062 2423 eius
1080 2363 1176 2436 parte
1193 2360 1330 2423 stabant
1347 2363 1396 2424 ita
1411 2378 1541 2440 snpera-

321 2479 392 2536 runt
427 2475 527 2536 amici
560 2475 664 2551 pacis,
696 2478 772 2536 acta
793 2478 846 2536 est
868 2475 1104 2550 Aristophanis
1125 2473 1239 2535 fabula
1262 2490 1413 2550 sequens.
1437 2477 1543 2539 Nubes

322 2593 413 2665 poeta
442 2590 472 2650 ei
503 2589 621 2650 indidit
644 2603 776 2651 nomen.
802 2588 892 2664 Quod
916 2589 1007 2651 chori
1029 2603 1152 2649 nomen
1174 2589 1259 2650 satis
1281 2590 1397 2650 statim
1422 2591 1539 2654 indica·

322 2703 374 2766 bat
396 2705 579 2780 regionem,
602 2704 636 2763 in
660 2717 725 2778 qua
749 2702 953 2763 versabatur.
974 2703 1023 2763 Ex
1044 2703 1144 2763 malis
1163 2703 1251 2763 enim
1272 2704 1426 2765 civilibus
1445 2721 1543 2767 musa

322 2819 447 2892 poetam
471 2817 650 2879 sublimem
674 2816 862 2891 abripuerat
885 2817 917 2876 in
943 2823 1052 2877 aerem
1073 2817 1253 2892 puriorem.
1274 2816 1409 2891 Equites
1429 2819 1542 2881 tabula

322 2931 426 2994 affinis
455 2931 567 2994 iuerat
595 2930 800 3006 Babyloniis,
828 2929 971 2990 Nubium
1003 2933 1114 2990 autem
1146 2934 1382 3004 argumentum
1407 2933 1542 3008 propius

321 3045 463 3106 distabat
496 3060 516 3106 a
549 3041 817 3105 Dastalensibus.
851 3043 936 3104 Nam
978 3043 1136 3102 iuventus
1170 3043 1336 3117 quomodo
1372 3044 1544 3108 educanda

322 3161 407 3218 esset
435 3158 542 3220 denno
573 3171 731 3232 quaerere
761 3156 908 3217 comicus
938 3171 1050 3216 secum
1083 3155 1266 3217 constituit.
1297 3156 1391 3218 Nunc
1414 3174 1542 3236 quoque

320 3271 542 3346 sophistarum
567 3271 709 3346 aliquem
734 3269 933 3345 discipulum
958 3270 1029 3329 erat
1052 3268 1259 3330 inducturus.
1284 3269 1345 3330 Sed
1370 3273 1448 3332 novi
1471 3276 1544 3336 aevi

322 3385 396 3446 huic
428 3385 563 3447 alumno
598 3384 861 3459 flagitiosissimo
897 3398 978 3458 non,
1010 3387 1047 3443 ut
1077 3385 1111 3442 in
1142 3384 1251 3460 primo
1282 3383 1406 3458 ingenii
1436 3385 1541 3462 foetu,

320 3497 469 3560 iuvenem
503 3498 642 3574 probum
672 3498 862 3558 modestum
894 3498 983 3572 pium
1017 3499 1091 3557 erat
1114 3498 1339 3573 oppositurus,
1364 3499 1484 3575 quippe
1507 3515 1542 3560 re

322 3615 480 3689 expertus,
503 3613 537 3673 in
561 3611 687 3687 pulpito
710 3611 868 3687 languere
891 3611 1082 3671 istiusmodi
1107 3612 1264 3687 virtutes,
1293 3627 1399 3686 neque
1423 3613 1543 3674 babere

323 3741 384 3798 quo
416 3727 639 3803 spectatorum
675 3722 792 3786 oonlos
827 3723 878 3784 vel
914 3724 1026 3784 studia
1059 3724 1091 3784 in
1127 3739 1164 3784 se
1194 3729 1400 3787 convertant.
1429 3727 1542 3801 Neque

323 3841 546 3914 requirebatur
577 3838 739 3900 eiusmodi
769 3853 910 3915 persona
940 3838 972 3898 in
1004 3853 1042 3899 ea
1065 3853 1164 3912 quam
1191 3838 1390 3902 moliebatur
1413 3840 1540 3913 tabula;

323 3967 387 4013 non
409 3955 497 4014 enim
520 3952 588 4014 filio
611 3952 698 4014 malo
720 3952 859 4014 educato
881 3951 940 4012 sed
963 3952 1050 4026 patri
1072 3950 1176 4012 stulto
1195 3953 1322 4028 primas
1341 3957 1451 4030 partes
1469 3959 1542 4014 erat

322 4065 516 4141 tributurus,
540 4066 618 4127 huic
636 4075 750 4128 autem
769 4068 1015 4141 praeceptorem
1035 4065 1242 4143 improbum,
1263 4081 1369 4128 novae
1385 4067 1543 4129 scientiae

323 4181 503 4242 antistitem
528 4183 627 4256 atqua
650 4195 846 4255 praeconem
870 4179 1092 4255 oppositurus.

367 4297 495 4356 Atticae
517 4293 607 4356 filius
629 4294 794 4370 genuinus
817 4297 868 4354 ost
891 4296 1045 4369 uterque,
1070 4309 1143 4354 cum
1165 4293 1322 4368 agricola,
1347 4309 1444 4370 quam
1465 4311 1541 4357 cnm

324 4423 423 4469 uxore
456 4413 490 4470 et
523 4408 590 4470 fflio
624 4424 666 4470 ex
700 4407 826 4484 praedii
859 4405 1031 4480 opulentia
1073 4410 1108 4466 ot
1141 4406 1296 4467 libertate
1329 4409 1417 4469 intra
1450 4407 1543 4468 urbis

324 4525 450 4585 moenia
479 4523 640 4599 compulit
669 4522 810 4598 bellom,
840 4535 983 4580 -nam
1014 4520 1131 4580 hostes
1160 4520 1238 4583 licet
1259 4522 1348 4581 intra
1370 4520 1540 4583 biennium

324 4639 506 4711 proximum
527 4652 626 4712 agros
645 4637 775 4698 Atticos
792 4635 941 4711 populati
960 4648 1026 4696 nou
1049 4635 1120 4695 sint
1138 4634 1259 4709 denuo,
1279 4633 1365 4707 quod
1386 4632 1539 4709 sitierat,

325 4753 466 4827 captivos
495 4751 683 4829 Spartiatae
714 4766 749 4812 se
779 4751 1020 4810 interemturos
1049 4747 1170 4809 minati
1199 4749 1280 4808 sunt
1304 4747 1540 4823 Athenienses,

325 4865 504 4928 dementias
534 4869 647 4928 tamen
671 4863 757 4925 toret
779 4863 865 4924 ballo
888 4862 1034 4924 nondum
1060 4859 1154 4923 finito
1177 4876 1235 4920 rus
1258 4860 1378 4936 redire,
1402 4893 1435 4904 -
1467 4861 1539 4921 tum

326 4983 518 5058 praeceptor,
550 4983 607 5055 qui
636 4978 777 5039 Athenis
806 4976 929 5038 dudum
962 4973 1129 5036 habitavit
1158 4988 1264 5048 neque
1292 4974 1453 5035 aliorsum
1481 4973 1539 5034 mi·
