4375 6284
728 1011 770 1056 oe
792 1009 901 1056 emo
922 1009 1074 1056 omnmo.
1448 993 1513 1054 323

339 1181 402 1242 Nee
432 1183 545 1244 minus
575 1183 728 1257 apertum
753 1215 792 1225 —
818 1183 906 1243 certe
929 1183 1107 1259 postquam
1129 1179 1270 1255 Bentley
1292 1180 1453 1241 indicavit
1479 1215 1518 1224 --

301 1297 347 1357 est
367 1297 484 1358 vitium
509 1297 586 1371 Lys.
612 1297 695 1358 799:

557 1407 708 1489 βούλομαί
729 1425 777 1486 σε,
799 1416 893 1489 γραῦ,
918 1409 1100 1470 κύσαι...

557 1520 736 1596 κάνατείνας
761 1521 812 1596 [τὸ
844 1520 993 1595 σκέλος]
1016 1521 1163 1582 λακτίσαι.

336 1704 422 1766 Olim
453 1704 555 1779 igitur
587 1705 651 1766 mit
681 1633 852 1774 οἰίίιτσείίίίς.
884 1703 1039 1765 Scholion
1075 1701 1128 1780 ,τὸ
1152 1699 1255 1774 σκίλος
1278 1698 1298 1781 ἢ
1321 1701 1354 1762 τὸ
1378 1701 1520 1762 αλδοῖον”

297 1820 326 1876 et
352 1818 513 1893 originem
545 1817 757 1879 emblematis
784 1817 921 1892 indicet,
946 1820 981 1878 et
1004 1819 1151 1878 testatur
1174 1819 1306 1892 tempus
1329 1815 1432 1877 fuisse
1456 1832 1520 1891 quo

295 1933 404 1994 textus
427 1932 575 1994 nondum
599 1947 637 1994 eo
661 1934 752 1994 esset
774 1933 926 1994 onustus.

335 2044 466 2107 Similia
488 2048 568 2107 sunt
590 2046 672 2108 Ach.
700 2046 802 2106 1210:

645 2157 735 2230 τάλας
758 2155 815 2237 ἐγὼ
840 2160 918 2236 [τῆς
949 2154 989 2217 ἒν
1020 2157 1135 2242 μάχῃ]

735 2273 888 2351 ξυμβολῆς
910 2271 1043 2350 βαρείας.

334 2361 469 2423 Thesm.
493 2361 572 2423 460:

513 2472 703 2554 κομψότερον
726 2467 761 2534 ἔτ’
790 2470 821 2552 [ἢ
843 2471 883 2534 τὸ
905 2473 1112 2554 πρότερον]
1137 2472 1345 2552 ἀναπέφηνεν.

334 2587 399 2648 Νοο
423 2603 490 2650 non
514 2588 578 2649 huc
600 2587 763 2650 referendi
787 2589 943 2649 videntur
965 2588 1029 2650 loei
1053 2589 1188 2664 gemelli
1211 2591 1287 2666 Lys.
1313 2591 1378 2652 974
1401 2606 1469 2664 so:

602 2701 719 2786 μεγάλῳ
743 2711 829 2784 τυφῷ
855 2700 931 2774 [καί
953 2706 1163 2782 πρηστῆρι]

604 2811 838 2894 [ξνστρίψας
869 2813 945 2888 καὶ]
971 2814 1208 2896 ξογγογγνλίσασ

294 2930 325 2988 et
346 2928 483 2991 Thesm.
509 2929 569 2990 61:

600 3042 781 3121 γογγνλίσας
805 3038 882 3115 [καί
905 3038 1156 3121 σνσιρίψαςλ

333 3154 515 3232 Utrobique
546 3155 792 3218 restituendum
825 3170 900 3217 esse
929 3156 1135 3236 ξυγγογγύλας
1170 3156 1281 3219 docuit
1313 3159 1431 3242 Εοςοι,
1462 3161 1520 3220 sed

292 3274 461 3345 praeterea
483 3270 623 3332 delenda
645 3285 720 3332 esse
738 3272 1038 3346 interpretamenta
1056 3272 1162 3333 sensit
1180 3270 1292 3334 Oobet.
1314 3273 1401 3335 Olim
1420 3274 1522 3348 igitur

293 3383 497 3458 Lysistratee
518 3384 541 3445 l.
561 3383 583 3445 1.
607 3386 702 3445 erent
726 3383 824 3445 hoec:

770 3503 886 3560 πρηστῆρι
926 3494 1061 3561 ἒνοτρίψος

644 3563 761 3649 μεγάλῳ
784 3576 871 3649 τυφῷ
895 3566 1100 3647 ξυγγογγύλας

294 3669 324 3726 ολ
344 3666 480 3729 Τοοοιο.
505 3665 527 3728 1.
551 3666 590 3728 l.:

680 3749 816 3816 ἔνοιρίψας

644 3822 860 3903 ξυγγογγύλας.

333 4041 396 4102 sed
426 4041 570 4102 rariores
599 4042 679 4101 sunt
708 4055 827 4102 versus
857 4041 905 4103 ita
934 4041 1023 4103 ultre
1056 4040 1141 4102 fines
1171 4041 1341 4117 legitimos
1370 4044 1519 4119 producti

291 4156 419 4228 recepto
461 4152 671 4214 emblemate.
714 4153 792 4215 Sola
827 4156 1024 4230 pronomina
1060 4155 1269 4229 frequentius
1308 4158 1414 4217 metro
1449 4157 1519 4217 vim

291 4265 448 4343 inserunt,
473 4282 501 4328 e.
525 4282 556 4342 g.
580 4267 637 4342 eq.
664 4269 715 4345 14,
740 4267 796 4328 ubi
823 4268 848 4328 V
870 4269 954 4331 haee
976 4268 1093 4330 habet:

465 4379 516 4440 ἵνα
540 4397 602 4441 σοι
624 4377 666 4458 μὴ
689 4379 845 4461 μάχωμαιτ
871 4379 913 4460 μὰ
934 4381 987 4442 τὸν
1011 4379 1132 4442 ἀκολλῶ
1151 4376 1208 4461 ’γώ
1232 4377 1286 4461 μὲν
1311 4379 1364 4460 οὔ,

292 4497 376 4554 recte
401 4508 478 4556 vero
501 4493 545 4553 R:
571 4492 621 4552 ἵνα
644 4491 685 4570 μὴ
710 4493 849 4572 μάχωμαι
872 4492 930 4555 κτέ.

332 4607 394 4668 Vel
415 4607 471 4684 Eq.
497 4609 573 4685 339,
599 4608 655 4670 ubi
679 4609 800 4670 vitiose
824 4609 869 4669 R:

375 4716 433 4781 ἀλλ’
459 4719 533 4782 αὐτὸ
556 4719 624 4798 ιτερλ
647 4729 700 4782 τοῦ
723 4721 866 4802 πρότερος
890 4721 986 4782 εἰπεῖν
1010 4743 1115 4800 κρωτα
1138 4723 1189 4783 δαι
1213 4746 1366 4803 μαχουμαι
1388 4740 1470 4801 σοι,

291 4832 317 4892 V
344 4835 470 4912 eutem,
501 4836 557 4910 qui
587 4837 622 4896 in
652 4833 717 4897 fine
747 4838 837 4898 reete
869 4837 998 4900 omittit
1024 4852 1207 4913 pronomen
1231 4854 1293 4910 σοι,
1316 4839 1349 4898 in
1373 4839 1517 4901 similem

290 4963 430 5010 errorem
454 4949 569 5010 incidit
595 4963 711 5010 versus
736 4950 848 5012 initio:

331 5055 393 5120 ἀλλ’
416 5060 489 5122 αὐτὸ
513 5069 631 5120 τοῦτο
657 5058 726 5140 περί
750 5070 803 5122 τοῦ
823 5060 967 5140 πρότερος
988 5061 1084 5122 εἰπεῖν
1103 5072 1206 5139 noete
1231 5065 1516 5143 διαμαχοῦμαι.
