4375 6284
718 972 797 1017 vrrs
819 972 859 1018 nr
882 971 1054 1020 emarcus.
1443 958 1505 1018 129

369 1145 438 1207 Hoc
457 1146 559 1222 igitur
580 1144 750 1222 Euripides
772 1145 861 1208 valet
888 1145 921 1207 in
944 1148 1016 1207 arte
1038 1145 1151 1220 lyrica.
1175 1144 1353 1206 Miscentur
1376 1144 1503 1206 caelum

294 1261 319 1320 et
345 1261 430 1321 terra
459 1262 493 1320 et
523 1261 700 1321 moventur
730 1274 851 1321 arcana
876 1259 1034 1321 historiae
1056 1258 1227 1320 fabulosae
1250 1259 1284 1318 in
1307 1274 1343 1320 re
1365 1258 1507 1334 simplici

293 1375 320 1432 et
345 1373 537 1449 pervulgata
565 1373 757 1434 enarranda.
788 1371 915 1434 caveae
945 1371 1136 1447 gallinariae
1160 1388 1236 1435 cum
1260 1373 1363 1434 instat
1385 1375 1507 1449 pericu-

292 1486 366 1563 lum,
398 1487 477 1548 diris
510 1487 691 1563 praesagiis
726 1487 817 1562 prius
851 1486 1070 1548 contristatur
1103 1501 1200 1548 mens
1233 1486 1440 1562 mortalium,
1471 1490 1508 1548 ut

292 1605 354 1663 tum
375 1618 450 1664 cum
473 1601 736 1676 Clytaemestrae
758 1601 811 1662 vel
838 1599 1027 1676 Polyxeuae
1049 1601 1203 1678 proxima
1224 1601 1287 1663 fuit
1309 1617 1400 1676 mos;
1420 1603 1509 1664 iores

293 1732 356 1776 cum
386 1716 550 1778 aberravit
580 1715 701 1792 gallus,
734 1716 923 1777 excitantur
951 1715 1057 1778 Diana
1081 1719 1115 1777 et
1137 1717 1262 1778 Hecate
1285 1718 1319 1778 et
1342 1717 1509 1793 nymphae

292 1833 469 1908 manupae,
501 1831 539 1891 ut
568 1829 739 1892 lictoribus
770 1844 905 1904 operam
935 1832 1058 1892 navent
1088 1831 1129 1892 ad
1153 1830 1266 1892 alitem
1290 1831 1509 1893 domesticum

291 1943 547 2020 recuperandum.
566 1943 651 2005 Nam
669 1943 940 2019 sagittipotentes
955 1959 1039 2018 quos
1056 1944 1252 2006 muliercula
1266 1944 1346 2006 dicit
1361 1945 1508 2006 saltuum

292 2057 420 2135 incolas,
450 2058 593 2132 Scythae
622 2059 702 2119 sunt
728 2057 777 2119 illi
798 2057 1048 2132 tranquillitatis
1070 2058 1219 2134 publicae
1242 2059 1410 2136 custodes,
1435 2074 1508 2134 quo·

291 2186 355 2232 rum
375 2186 479 2233 unum
500 2171 535 2234 in
558 2171 907 2248 Thesmophoriazusls
928 2172 1059 2234 induxit
1081 2175 1179 2249 poeta
1201 2173 1357 2236 comicus.

329 2285 460 2360 Iamque
494 2285 618 2359 singuli
651 2284 858 2347 aemulorum
892 2285 1039 2347 trimetri
1072 2285 1123 2372 in,
1141 2285 1226 2348 libra
1256 2287 1510 2363 perpenduntur,

292 2398 443 2475 Euripidis
473 2400 586 2460 autem
619 2397 726 2460 multo
756 2398 899 2459 leviores
929 2402 1104 2476 apparent,
1136 2399 1191 2474 qui
1214 2415 1351 2476 gravem
1375 2401 1509 2462 tandem

294 2527 415 2574 versum
438 2514 615 2589 postquam
636 2511 726 2573 lanei
748 2512 880 2573 iniecit:

460 2627 579 2704 ,Ferro
602 2627 780 2700 gravatum
804 2625 938 2702 corripit
960 2626 1085 2687 instem
1109 2627 1234 2688 manu'’

292 2739 387 2801 rnulto
398 2740 501 2802 etiam
512 2740 701 2815 graviorem
713 2738 899 2815 Aeschylus
911 2740 1007 2801 alteri
1020 2740 1107 2802 lanci
1119 2740 1202 2802 nihil
1215 2743 1389 2804 cunctatus
1400 2741 1511 2804 inicit:

460 2853 566 2930 ,Axis
588 2854 746 2928 gravatur
771 2868 843 2929 axe,
869 2867 988 2929 corpus
1011 2854 1180 2930 corpore.”

329 2967 406 3029 Ecce
429 2970 543 3029 autern
566 2983 585 3028 e
607 2966 699 3042 regia
722 2981 797 3028 cum
822 2966 986 3028 ministris
1009 2967 1117 3043 prodit
1138 2967 1246 3030 Pluto.

332 3113 369 3123 —
395 3081 535 3158 ,Utrum
558 3080 661 3156 igitur
682 3079 787 3156 pluris
809 3081 907 3157 iacis,
931 3079 1123 3155 Dionyse?”

328 3193 450 3257 Dubius
479 3195 583 3255 animi
612 3193 701 3255 male
725 3194 838 3255 haeret
860 3194 924 3255 hic.
948 3194 1033 3255 Nam
1055 3194 1095 3255 ad
1119 3195 1307 3270 Euripidem
1331 3198 1508 3272 petendum

291 3308 375 3369 venit
410 3311 444 3370 et
478 3307 555 3369 hnic
588 3307 741 3382 promisit
776 3321 889 3368 secum
924 3321 961 3367 se
994 3307 1223 3385 reducturum,
1240 3310 1361 3371 ...sed
1395 3310 1510 3371 ambos

288 3423 457 3496 postquam
481 3421 565 3482 vidit
588 3422 622 3482 et
645 3419 787 3497 audivit,
811 3419 921 3494 magis
942 3419 1049 3494 placet
1072 3421 1269 3495 Aeschylus.
1287 3424 1402 3497 Itaque
1422 3422 1510 3484 aliud

287 3534 384 3594 etiam
407 3535 672 3610 experimentum
695 3534 731 3595 ui
755 3534 876 3610 tentet,
902 3536 999 3608 rogat
1020 3532 1087 3594 utri
1111 3533 1231 3596 melius
1253 3536 1299 3597 sit
1321 3536 1509 3614 consilium,

287 3659 346 3717 quo
375 3663 446 3710 rem
475 3646 642 3723 publicam
673 3645 823 3721 adiuvet3
856 3646 896 3706 de
919 3644 1090 3707 Alcibiade
1112 3647 1214 3723 igitur
1236 3649 1313 3724 qnid
1337 3650 1511 3711 videatur?

286 3758 365 3822 Nam
389 3762 508 3823 civitas
530 3761 608 3837 quid
632 3760 713 3822 velit
734 3762 808 3837 ipsa
831 3761 945 3823 nescia

461 3875 715 3951 ,Desideratque
738 3875 885 3951 oditque,
909 3890 975 3936 non
999 3875 1085 3953 vult,
1111 3876 1183 3938 vult
1205 3879 1351 3940 tamen.’'

325 3986 498 4064 Euripides
527 3987 630 4050 fidum
661 3989 834 4064 regiminis
864 3989 1033 4066 popularis
1063 4005 1101 4052 se
1130 3994 1279 4066 praestat
1300 3995 1511 4054 sectatorem.

285 4098 393 4162 Bonus
418 4102 502 4164 civis
523 4117 589 4165 non
613 4104 666 4163 est
689 4102 895 4164 Alcibiades:

462 4214 596 4291 ,civem
618 4216 777 4293 improbo,
802 4217 858 4292 qui
882 4218 993 4279 lentus
1016 4217 1057 4279 ad
1080 4219 1207 4294 patriae
1230 4219 1350 4282 bonum

464 4331 631 4408 ,Accedit,
656 4333 691 4393 at
713 4346 790 4392 cum
814 4332 877 4393 fert
902 4332 1029 4394 malum
1054 4348 1214 4408 magnum
1239 4334 1333 4410 celer,

464 4445 620 4521 ,Semper
642 4444 718 4521 sibi,
743 4445 801 4509 sed
823 4459 993 4520 nunquam
1018 4445 1143 4508 habens
1166 4449 1293 4522 patriae
1316 4450 1438 4511 viam.”

324 4557 432 4618 llaius
456 4557 579 4620 mentis
602 4573 743 4621 acumen
767 4560 820 4620 est
841 4559 1017 4634 Aeschylo.
1040 4561 1112 4623 Non
1136 4577 1216 4624 sane
1236 4562 1340 4624 bonus
1358 4564 1443 4625 civis
1462 4567 1513 4625 est

283 4667 335 4730 ille
369 4671 432 4748 vir,
471 4672 526 4751 sed
561 4670 890 4734 eet...Alcibiadesi
922 4672 998 4735 Alia
1028 4676 1198 4738 caniculae
1229 4676 1416 4755 Melitaeae,
1448 4677 1513 4739 alia

283 4780 384 4845 leonis
406 4786 521 4848 catulo
543 4788 597 4848 est
618 4787 762 4849 indoles:
854 4801 857 4807 ·

464 4897 639 4974 ‚Catulum
661 4900 768 4962 leonis
787 4900 875 4962 haud
898 4901 968 4962 alat
990 4918 1044 4964 res
1066 4903 1210 4980 publica,

463 5015 553 5087 ,Aut
574 5013 657 5076 velit
680 5014 784 5077 adulti
806 5031 920 5091 gerere
944 5031 1071 5078 morem
1094 5019 1276 5080 moribus.”

357 5121 407 5165 aa
1390 5126 1404 5167 a
