4375 6284
762 982 804 1028 DE
825 981 934 1028 ΤΗΝ
956 981 1109 1028 ΤΒΔΒῙΤΟ.

372 1155 482 1216 Latius
504 1155 628 1231 serpsit
651 1154 734 1215 haec
756 1153 945 1230 corruptela
968 1153 1066 1230 Vesp.
1094 1153 1199 1214 1421:

501 1266 557 1348 lya
581 1264 636 1344 piu
660 1258 717 1328 οὖν
740 1265 822 1350 αὐτῷ
846 1267 1208 1345 διαλλαχθήσομαι.

227 1411 228 1438 ι
338 1383 382 1443 iiic
401 1382 439 1460 V,
463 1383 519 1444 ubi
542 1383 570 1444 R
593 1381 729 1458 praebet
752 1379 1046 1460 διαλεχθήσομαι
1063 1376 1096 1452 ¹).

373 1496 540 1558 contrario
562 1510 671 1559 errore
693 1529 729 1538 -
755 1497 809 1556 est
828 1495 918 1556 enim
938 1492 1217 1574 ὑπεραττιιιὶξονιός
1234 1515 1316 1566 τινος
1336 1526 1376 1536 -
1390 1493 1473 1555 Nub.
1487 1493 1550 1554 267

337 1611 363 1672 in
384 1611 412 1672 R
434 1615 486 1673 est
512 1612 692 1688 scriptum:

414 1723 504 1802 μήπω
532 1727 588 1804 [ys]
621 1721 712 1802 μήπω
734 1744 767 1802 γε
791 1719 865 1801 πρὶν
889 1718 927 1782 ἂν
950 1718 1033 1782 rourl
1056 1721 1215 1798 πτύξωμαι
1238 1719 1279 1800 μὴ
1306 1721 1553 1800 καταβρωχῶ,

335 1838 429 1900 immo
452 1838 702 1917 καταβρεχθῶ,
726 1837 813 1911 quod
836 1835 938 1897 habet
960 1835 999 1898 V.

370 2065 487 2136 Dorica
509 2069 623 2128 autem
647 2064 699 2127 vel
722 2065 834 2127 Ionica
857 2064 914 2125 ubl
937 2063 1071 2140 scripsit
1095 2065 1255 2140 comicus,
1280 2063 1432 2140 graviora
1449 2063 1551 2124 otiam

333 2180 490 2242 institisse
520 2180 666 2257 pericula
696 2193 795 2240 nemo
818 2193 883 2240 non
907 2177 1083 2253 intellegit.
1107 2178 1190 2239 Prse
1212 2178 1333 2239 ceteris
1355 2177 1447 2238 vitiis
1468 2191 1553 2252 quae

333 2293 407 2355 haec
428 2309 531 2356 causa
552 2295 587 2354 in
610 2294 718 2355 lucem
743 2292 897 2369 protulit,
921 2291 1091 2352 mentione
1116 2291 1252 2366 dignum
1272 2291 1427 2367 estquod
1445 2306 1553 2352 emen-

332 2407 456 2469 datione
480 2423 557 2469 vere
580 2406 722 2483 palmari
744 2406 884 2467 sustulit
901 2404 981 2466 olim
1001 2404 1216 2481 Valckenaer,
1235 2405 1313 2480 Lys.
1335 2406 1409 2466 173.
1429 2405 1554 2468 Meritis

331 2524 438 2586 nostru
463 2522 726 2599 persuadebimus
758 2521 905 2582 mulieres
939 2519 1066 2601 Atticos,
1090 2520 1139 2582 sit
1160 2520 1363 2596 Lysistrsta,
1386 2525 1422 2582 ni
1439 2537 1553 2597 pacem

331 2644 430 2714 cpont
454 2636 515 2698 (lui
537 2637 691 2713 Lampito
713 2635 877 2697 Lacaena:

591 2745 904 2834 οὖχάυποωδὰσ
927 2745 1024 2826 ἔχοντι
1045 2744 1092 2805 ταὶ
1115 2746 1256 2826 τριήρεες.

331 2867 377 2930 Sic
407 2868 448 2945 R,
481 2872 515 2930 et
546 2868 580 2928 ln
610 2867 777 2942 margine:
812 2851 870 2942 ,αὖ
901 2864 1072 2942 succine?
1104 2863 1206 2925 Paulo
1230 2865 1343 2925 minus
1366 2865 1485 2927 vitioso
1509 2867 1551 2926 P:

330 2977 544 3059 ἀττιτοδᾶς,
581 2982 652 3044 veri
686 2982 801 3042 autem
836 2980 918 3042 echo
952 2979 1133 3055 percipitur
1167 2979 1200 3039 in
1235 2978 1341 3041 altero
1371 2979 1495 3041 codicis
1524 2980 1553 3040 R

329 3095 463 3157 scholio:
491 3093 566 3172 „ing
589 3090 628 3154 ἂν
651 3095 976 3173 θαλασσοκρατῶσιν”.
1001 3093 1105 3153 Poeta
1127 3091 1280 3154 dederat:

546 3208 601 3287 οὐχ
625 3199 668 3280 ἇς
691 3207 819 3280 πόδας
842 3231 881 3266 κω
904 3205 1007 3285 ἔχωντι
1032 3203 1080 3265 ταὶ
1102 3204 1245 3284 τριήριες,

328 3339 503 3398 πιιιπριιαιπ
521 3323 673 3398 quiescent
694 3321 901 3400 Athenienses,
921 3322 1016 3382 donec
1033 3335 1162 3380 currere
1176 3319 1298 3395 possint
1317 3335 1426 3380 eornm
1445 3335 1539 3381 ncocs

581 3607 636 3690 18)
658 3609 713 3671 De
738 3609 849 3670 vitiis
872 3605 1099 3684 quibusdam
1120 3606 1297 3667 vetustis.

370 3810 506 3886 Singula
537 3811 617 3871 vitia
647 3811 778 3886 quando
808 3811 877 3871 sint
905 3812 1000 3885 nata,
1032 3806 1119 3868 scire
1141 3821 1206 3869 non
1230 3822 1421 3887 possumus,
1446 3824 1552 3884 neque

327 3924 356 3983 si
384 3939 573 4001 possemus,
599 3923 742 3986 multum
767 3925 800 3985 id
823 3923 995 4001 prodesset
1019 3924 1059 3985 ad
1084 3923 1201 4002 poetae
1224 3922 1325 3984 verba
1347 3923 1555 3985 restituendo

327 4050 427 4098 suove
459 4037 564 4113 pretio
598 4039 818 4098 aestimanda.
851 4038 936 4099 Sunt
964 4041 1078 4100 tamen
1112 4039 1215 4101 veluti
1239 4042 1368 4100 aetates
1390 4039 1551 4114 quaedam

328 4149 496 4226 vitiorum,
521 4151 554 4211 st
577 4150 701 4226 aliquid
726 4167 813 4212 nunc
833 4151 1007 4213 dicendum
1028 4157 1079 4214 est
1100 4154 1140 4215 (le
1160 4152 1403 4227 antiquissimis
1420 4151 1548 4227 qulbus-

326 4261 403 4324 dam
421 4263 602 4340 erroribus,
623 4278 764 4340 quorum
783 4265 935 4326 nonnulli
955 4265 1045 4326 brevi
1064 4268 1142 4342 post
1159 4269 1302 4327 mortem
1314 4265 1420 4340 ipsius
1433 4265 1551 4326 comici

327 4374 359 4435 in
383 4377 454 4439 eius
477 4392 576 4454 opera
599 4378 774 4456 irrepsisse
797 4377 961 4439 videntur.

370 4489 506 4552 Thesm.
531 4491 584 4552 80.

546 4600 609 4664 ἐπεὶ
632 4603 742 4683 τρίτη
767 4605 853 4680 ’στι,
881 4604 1101 4684 Θεσμοφορίων
1124 4601 1143 4682 ἡ
1168 4601 1251 4683 μέση.

361 4881 381 4946 ¹)
399 4885 518 4934 &donni
535 4886 562 4932 in
579 4883 716 4933 codicibus
734 4887 867 4947 iaauoepc-
886 4890 913 4933 ol
929 4889 1073 4947 ἄπαλὶωχθ·
1092 4888 1156 4936 Aeli.
1175 4889 1222 4934 nii
1238 4888 1316 4948 Veilp.
1334 4891 1392 4946 484,
1411 4891 1468 4945 504,
1487 4891 1551 4938 leot

326 4965 371 5010 Ar.
399 4967 445 5014 940
471 4965 540 5014 Pius.
568 4969 613 5023 oo;
638 4963 757 5014 sinceras
783 4967 882 5014 formae
906 4969 996 5013 exient
1017 4967 1081 5015 th.
1106 4968 1164 5024 ior,
1188 4967 1237 5014 ilii
1260 4967 1324 5015 Pro.
1344 4969 1403 5025 asu,
1425 4969 1484 5025 8⁰8,
1500 4969 1549 5016 852

325 5043 398 5092 nost.
415 5047 487 5104 noea,
506 5049 572 5094 noo
590 5047 660 5095 arur.
677 5047 736 5104 nos,
753 5047 812 5102 nnn,
830 5047 879 5093 sis
897 5046 930 5092 rr.
948 5041 1016 5092 sert
