4375 6284
731 981 811 1028 vrrs
834 983 874 1028 111
897 980 1064 1028 8111118118.
1463 966 1505 1025 51

337 1163 376 1224 At
398 1161 528 1223 iuvenis
550 1160 702 1222 ludorum
727 1161 761 1222 st
783 1160 930 1221 iocorum
954 1174 1054 1234 quam
1074 1158 1271 1221 eruditionis
1290 1158 1399 1233 magis
1418 1173 1513 1234 appe·

304 1280 363 1338 tens
393 1277 427 1337 ln
457 1274 655 1351 pallidorum
679 1273 937 1335 homuncionum
963 1272 1157 1334 umbracula
1179 1288 1198 1332 a
1221 1274 1316 1347 patre
1340 1272 1455 1332 abduci
1477 1287 1514 1332 se

303 1405 354 1450 noo
372 1390 464 1451 sinit.
484 1389 637 1449 Nondum
658 1390 772 1449 tamen
792 1386 919 1448 abiecto
939 1401 1043 1478 sonex
1063 1387 1147 1462 quod
1167 1388 1358 1461 susceperat
1374 1386 1514 1446 consilio

304 1503 360 1578 lpse
393 1501 433 1564 ot
465 1502 609 1563 Socratis
639 1500 831 1577 discipulus.
864 1501 926 1561 Sed
958 1515 1064 1561 novae
1099 1500 1281 1575 sapientiae
1316 1498 1349 1558 in
1381 1498 1513 1559 cerebro

303 1617 370 1678 duro
395 1617 452 1678 vix
482 1618 517 1677 et
546 1631 588 1676 ne
611 1616 669 1676 vix
691 1615 824 1688 quidem
848 1616 899 1675 est
923 1614 1026 1677 locus.
1053 1614 1165 1674 Prima
1187 1613 1318 1686 quidem
1343 1613 1514 1674 doctrinas

302 1729 385 1790 initia
418 1731 467 1790 sic
500 1729 584 1790 satis
618 1729 702 1790 bens
733 1729 834 1804 capit;
867 1727 1006 1789 numina
1035 1727 1107 1788 loco
1137 1742 1198 1787 suo
1229 1727 1325 1802 pulsa
1356 1742 1444 1801 esse,
1481 1727 1513 1786 id

302 1845 414 1918 optime
433 1844 614 1919 intellegis
635 1843 735 1904 etiam
756 1841 907 1903 fulminis
925 1856 1061 1902 causam
1079 1841 1166 1902 clare
1185 1841 1341 1917 perspicit
1361 1840 1514 1901 edoctus:

302 1958 469 2034 vaporibus
489 1958 653 2020 distentas
672 1958 777 2019 nubes
800 1957 872 2032 cogi
892 1960 1004 2034 vento,
1029 1973 1113 2031 quas
1131 1957 1311 2019 violentius
1330 1957 1516 2032 complosas

301 2081 468 2156 strepitum
499 2080 606 2140 iacere
636 2078 745 2153 illum,
778 2092 877 2153 quem
909 2077 1035 2137 tonitru
1065 2079 1186 2138 vocent
1215 2076 1380 2153 homines,
1412 2076 1516 2137 donec

301 2195 460 2270 disruptae
491 2195 648 2255 emittant
677 2192 837 2268 pluviam.
869 2192 1039 2268 Simplicia
1061 2192 1191 2253 scilicet
1211 2195 1291 2254 sunt
1314 2194 1414 2253 haece
1433 2193 1515 2253 viro·
1603 2269 1610 2288 ς

300 2323 364 2368 rum
397 2309 568 2383 sagacium
599 2307 720 2382 placita
747 2309 780 2368 et
803 2308 908 2368 cuivis
932 2307 1103 2368 intellectu
1126 2307 1245 2369 facilia.
1269 2308 1414 2383 Longius
1437 2323 1516 2369 vero

301 2421 329 2480 in
356 2422 520 2483 11818118
550 2421 724 2495 procedere
748 2422 885 2482 conatus
907 2421 1023 2481 haeret
1046 2435 1126 2482 mox
1149 2422 1183 2481 in
1211 2423 1332 2484 artium
1357 2421 1514 2482 liberalio-

299 2549 365 2595 rum
397 2534 594 2595 rudimentis
624 2534 801 2611 ponendls;
825 2547 903 2594 nam
930 2533 1028 2594 verba
1050 2532 1117 2594 8118
1139 2535 1250 2595 virilia
1272 2550 1359 2612 esse,
1383 2535 1518 2611 perinde

300 2650 392 2720 atque
419 2649 534 2708 tauros
557 2647 608 2707 vel
639 2645 758 2723 gallos,
787 2646 853 2707 8118
874 2647 1048 2721 feminina,
1073 2648 1245 2709 modorum
1270 2651 1397 2725 antem,
1423 2653 1460 2711 ut
1483 2650 1515 2709 in

299 2760 362 2820 ioro
393 2760 623 2835 frumentario,
648 2761 696 2821 sic
718 2763 752 2821 et
774 2760 807 2820 in
831 2762 903 2821 arte
925 2761 1055 2821 musica
1077 2760 1188 2835 aliqua
1210 2777 1286 2823 esse
1308 2762 1514 2838 discrimina,

299 2874 373 2935 lraec
399 2889 546 2949 quaeque
569 2874 664 2951 plura
686 2876 766 2934 sunt
788 2873 977 2935 huiusmodi
1007 2874 1083 2948 quid
1107 2874 1169 2934 sibi
1193 2875 1298 2936 velini
1320 2891 1396 2937 eum
1422 2875 1514 2936 latet.

299 2986 387 3048 Talia
420 2987 545 3049 scilicet
579 2986 699 3061 requiri
733 2987 770 3046 ut
810 2988 916 3047 artem
951 2987 1129 3048 creditores
1162 2986 1313 3048 eludendi
1348 2988 1516 3050 addiscere

298 3100 368 3173 quis
390 3102 510 3176 possit!

340 3215 423 3291 Ergo
453 3215 493 3275 ad
523 3212 629 3274 illium
659 3213 745 3274 redit
767 3228 836 3274 res:
861 3213 942 3275 velit
964 3214 1060 3290 nolit,
1085 3215 1230 3275 eundum
1254 3217 1362 3277 estin
1386 3215 1515 3276 11811118-

298 3327 419 3401 811111111ς
440 3327 478 3389 fit
494 3327 638 3389 Socratis
650 3327 843 3402 discipulus,
864 3328 989 3388 trustra
1001 3329 1193 3388 etiamnunc
1203 3327 1351 3390 obnisus.
1369 3328 1518 3404 ,Pater’',

298 3441 417 3502 clamat
442 3441 524 3516 ,erit
547 3457 622 3502 cum
646 3440 744 3501 11111118
767 3441 893 3502 88881111
917 3441 990 3501 111111
1013 3444 1047 3503 18
1071 3443 1255 3517 poeniteat,
1278 3441 1362 3502 milri
1381 3442 1517 3503 credel”

297 3554 357 3614 Sed
388 3557 478 3630 patet
507 3556 619 3628 ianua,
643 3556 766 3616 intrare
788 3554 929 3628 iubetur,
954 3555 987 3614 ln
1009 3554 1131 3616 domus
1154 3556 1337 3631 penetralia
1359 3555 1519 3631 recipitur

298 3681 471 3730 causarum
493 3670 653 3744 patronus
675 3667 817 3728 iuturus.

340 3780 382 3840 111
412 3784 488 3857 post
520 3797 642 3856 paucos
676 3780 746 3842 dies
776 3795 796 3840 8
826 3773 959 3841 Socr'ate
990 3783 1076 3858 patri
1107 3782 1254 3844 redditur
1284 3783 1518 3844 veteratoriam

297 3891 390 3954 illam
419 3894 547 3955 dicendi
578 3897 684 3955 artem
715 3894 814 3970 probe
849 3895 995 3956 edoctus.
1031 3894 1133 3956 Vultu
1163 3896 1294 3969 quidem
1329 3896 1439 3957 iactus
1468 3899 1521 3958 est

297 4004 402 4068 lurido
420 4010 453 4069 et
472 4007 712 4083 chaerepnonti
731 4007 792 4083 illi,
812 4023 910 4082 quem
933 4009 1243 4084 „vespertilionem”
1256 4013 1377 4071 vocant
1389 4025 1520 4086 omnes,

297 4133 398 4191 quam
429 4120 544 4183 tlorida
576 4121 686 4181 881818
719 4121 832 4181 iuveni
870 4120 1021 4196 similior,
1058 4122 1116 4182 ssd
1151 4122 1332 4184 iniustitiae
1367 4123 1434 4184 iam
1470 4126 1521 4185 est

299 4234 575 4296 consultissimus.
601 4233 716 4308 Itaque
739 4234 915 4294 creditores
939 4249 1014 4295 curn
1038 4236 1078 4295 ad
1103 4251 1165 4296 sua
1187 4237 1364 4312 repetenda
1386 4237 1521 4312 adsunt,

297 4361 332 4405 18
351 4347 471 4410 iniecta
481 4347 587 4410 redire
598 4347 770 4420 iubentur;
791 4347 1040 4422 magistratum,
1061 4349 1089 4408 si
1102 4331 1228 4424 lubeat,
1249 4349 1522 4423 adeantlitesque

298 4457 482 4524 intendenti
509 4459 639 4534 Verbis,
664 4475 729 4520 non
753 4461 901 4521 nummis
920 4461 1031 4522 debita
1055 4461 1096 4522 iis
1117 4462 1287 4524 soluturus
1307 4466 1359 4524 est
1378 4464 1523 4526 Socratis

297 4570 476 4648 discipulus
500 4590 518 4635 e
541 4572 737 4635 Meditaculo
760 4575 891 4634 recens!

341 4687 424 4748 irati
452 4689 501 4750 illi
533 4686 667 4762 abeunt,
700 4702 804 4748 senex
836 4689 948 4748 autem
980 4688 1087 4750 laetus
1119 4689 1254 4750 domum
1286 4703 1382 4749 suam
1406 4690 1521 4766 intrat,

299 4812 383 4858 cena
411 4803 540 4878 opipara
569 4799 735 4875 largisque
760 4800 886 4874 poculis
908 4801 1052 4862 reditum
1077 4800 1136 4861 titii
1160 4801 1344 4864 doctissimi
1368 4817 1444 4863 cum
1469 4803 1525 4863 illo

298 4910 522 4975 celebraturus
535 4957 543 4974 .
558 4958 565 4974 .
581 4958 588 4974 .

344 5023 442 5086 illene
463 5041 544 5088 mox
567 5029 600 5087 et
624 5026 802 5087 clamitans
825 5029 859 5088 st
881 5025 989 5088 lacera
1010 5030 1106 5088 veste
1129 5026 1218 5088 toras
1237 5028 1379 5103 proruitl
1399 5027 1526 5103 Nempe
