4375 6284
661 946 704 1005 60
1179 962 1221 1006 na
1243 961 1368 1007 roman

661 1146 725 1191 non
750 1148 823 1193 esse
846 1136 995 1194 oratores
1018 1134 1058 1195 de
1080 1134 1192 1210 populi
1215 1135 1381 1209 potestate
1403 1137 1438 1195 et
1467 1133 1797 1196 honorificentissimo
1816 1137 1861 1194 illo

659 1245 804 1306 iudicum
836 1247 941 1309 officio
976 1249 1188 1324 impudenter
1217 1247 1476 1309 deblaterantes.
1507 1249 1616 1310 Verba
1645 1250 1716 1314 dari
1747 1251 1861 1326 populo,

661 1375 725 1420 non
756 1360 846 1421 iusta
876 1360 1026 1422 laborum
1058 1361 1223 1436 praemia;
1247 1360 1414 1421 clamosos
1435 1360 1511 1422 illos
1534 1363 1748 1437 praedatores
1767 1363 1864 1423 aerarii

660 1473 699 1533 de
728 1473 921 1547 ingentibus
952 1475 1069 1550 opibus
1098 1475 1239 1551 pusillas
1269 1476 1429 1550 quasdam
1460 1477 1643 1552 particulas
1666 1478 1708 1538 iis
1731 1478 1864 1554 praebere

660 1588 855 1649 contemtim
879 1591 914 1650 et
936 1589 1100 1664 maligne,
1121 1588 1401 1663 quemadmodum
1426 1588 1588 1651 beluones
1611 1590 1752 1668 dapibus
1773 1605 1866 1652 sucru-

659 1700 757 1761 lentis
786 1716 823 1761 se
852 1702 1098 1777 ingurgitantes
1128 1702 1225 1777 panis
1248 1701 1415 1762 crustulas
1437 1703 1604 1778 proiciunt
1625 1704 1764 1765 canibus
1783 1704 1865 1765 larne-

659 1815 743 1875 licis.
768 1814 903 1876 Publice
927 1815 1102 1877 commodo
1124 1815 1302 1890 invigilare
1324 1831 1361 1877 se
1384 1819 1418 1877 et
1441 1832 1500 1893 pro
1522 1818 1631 1892 patria
1649 1833 1780 1893 semper
1796 1817 1868 1875 vires

659 1929 846 1988 intenturos
879 1928 958 1989 dum
993 1927 1226 2002 vociferantur,
1261 1929 1388 1990 aerario
1422 1929 1552 2004 publico
1585 1931 1727 2007 inhiare,
1761 1928 1867 1989 telenla

660 2043 847 2116 captantes,
872 2042 987 2102 obolos
1010 2041 1237 2115 relinquentes
1259 2041 1378 2118 populo
1402 2042 1623 2103 dilectissime
1645 2045 1680 2104 et
1702 2057 1760 2119 pro
1780 2041 1868 2102 tantis

660 2152 827 2216 beneficiis
849 2156 988 2215 meritas
1010 2153 1074 2215 sibi
1097 2158 1210 2230 grates
1231 2155 1350 2216 laturo.

705 2267 758 2327 Sic
789 2267 887 2328 cboro
915 2271 950 2328 et
975 2268 1061 2342 patri
1084 2267 1280 2340 Bdelycleon
1304 2267 1402 2343 plane
1425 2269 1602 2344 persuadet
1624 2269 1790 2330 vilissima
1809 2278 1870 2327 esse

660 2381 746 2441 bona
778 2379 851 2456 illa,
887 2377 1007 2453 quibus
1041 2382 1216 2455 tantopere
1250 2380 1367 2441 laetari
1400 2384 1435 2442 et
1468 2381 1604 2455 gloriari
1638 2383 1779 2443 soleant.
1805 2378 1869 2451 sed,

660 2495 758 2570 elreu,
790 2509 894 2554 senex
926 2495 1103 2569 postquam
1131 2494 1300 2569 perspexit
1332 2509 1391 2569 epe
1413 2495 1505 2555 inani
1527 2496 1652 2557 dudum
1676 2511 1712 2556 ee
1735 2497 1869 2571 pastum,

660 2608 700 2667 ad
732 2622 843 2668 rerum
874 2607 1139 2682 desperationem
1170 2607 1324 2668 redactus
1348 2608 1460 2669 animo
1483 2606 1605 2684 delicit,
1630 2608 1765 2683 perinde
1786 2611 1870 2679 atque

660 2722 758 2783 bomo
788 2721 970 2796 lunaticus,
1005 2721 1057 2782 cui
1089 2735 1230 2780 somnus
1260 2721 1450 2781 excutiatur
1480 2721 1601 2782 subito.
1626 2720 1687 2797 Qui
1708 2723 1870 2796 postquam

661 2835 718 2894 vix
750 2849 846 2908 aegre
874 2835 915 2894 ad
946 2848 983 2894 se
1012 2833 1124 2910 rediit,
1155 2831 1243 2892 filius
1265 2834 1460 2895 recordatus
1481 2832 1584 2894 rabiei
1605 2834 1789 2895 remedium
1809 2844 1871 2892 esse

659 2947 743 3023 pilos
765 2948 858 3008 canis
881 2947 986 3008 rabidi
1014 2946 1117 3022 ,heus
1139 2948 1268 3023 pater,”
1282 2980 1323 2990 —
1343 2948 1404 3024 ait,
1427 2980 1467 2990 -
1498 2947 1674 3024 ,quoniam
1696 2949 1768 3008 tam
1790 2947 1873 3020 grata

663 3061 740 3136 ,tibi
762 3067 815 3123 est
833 3059 1033 3136 iurisdictio,
1054 3060 1133 3134 quin
1154 3061 1243 3121 domi
1263 3064 1341 3122 tuae
1361 3061 1459 3122 iudex
1479 3061 1577 3123 sedes
1596 3061 1712 3122 solus?
1731 3062 1785 3122 Sic
1801 3072 1873 3135 opus

663 3190 747 3250 ,non
769 3175 834 3235 erit
855 3177 931 3234 ante
956 3188 1111 3235 auroram
1136 3188 1153 3234 e
1176 3173 1262 3235 lecto
1287 3174 1438 3250 desilias;
1461 3175 1664 3236 trinummos
1687 3177 1799 3236 autern
1821 3186 1872 3246 ego

662 3287 741 3363 ,tibi
764 3287 905 3363 pendam
930 3287 1106 3347 libenter.”

705 3402 840 3474 Iamque
869 3401 904 3460 in
933 3400 1024 3460 senis
1058 3402 1190 3475 pectore
1224 3400 1470 3476 redintegratur
1500 3401 1590 3462 vitae
1624 3415 1729 3478 amor,
1764 3401 1875 3462 instare

660 3515 748 3575 enim
772 3514 925 3575 videntur
947 3512 1133 3574 beatissimi
1161 3513 1210 3574 illi
1232 3514 1317 3591 dies,
1343 3529 1483 3588 quorum
1507 3515 1541 3574 in
1565 3514 1721 3576 vaticinio
1745 3513 1875 3590 quodam

662 3629 863 3689 mentionem
893 3625 963 3688 fleri
993 3627 1163 3701 meminit,
1196 3627 1314 3700 quibus
1342 3642 1440 3688 suum
1471 3627 1611 3702 singulis
1641 3629 1771 3689 civibus
1796 3623 1874 3688 domi
1957 3688 1958 3717 ¹

660 3743 809 3802 futurum
824 3741 869 3800 sit
885 3738 1040 3801 tribunal.
1059 3740 1147 3801 Iuris
1165 3741 1325 3801 nimirum
1341 3741 1512 3802 consultos
1528 3756 1646 3802 omnes
1664 3743 1877 3804 Athenienses
1957 3742 1958 3783 ῑ

661 3855 739 3914 lecit
762 3853 851 3914 alma
873 3859 1004 3916 natura.

705 3968 850 4028 struitur
880 3967 980 4044 igitur
1010 3967 1154 4029 tribunal
1186 3972 1264 4030 ante
1296 3969 1404 4030 aedes.
1436 3966 1608 4030 cancellos
1629 3969 1766 4045 praebet
1787 3968 1876 4036 hara;

659 4082 781 4143 situlae
796 4083 879 4143 duae
896 4082 1076 4144 culinariae
1092 4085 1173 4144 sunt
1189 4099 1247 4158 pro
1264 4083 1358 4143 urnis
1374 4081 1514 4143 tabellas
1529 4081 1676 4142 iudicum
1688 4079 1879 4158 recepturis;

661 4211 799 4257 somnus
833 4201 945 4259 autem
980 4200 1008 4259 si
1043 4199 1130 4260 forte
1160 4198 1361 4260 Pbilccleoni
1392 4197 1576 4273 obrepserit
1604 4197 1693 4259 inter
1720 4197 1880 4258 oraticnes
1957 4264 1958 4283 χ

661 4311 901 4372 causidicorum
932 4313 1033 4372 nimis
1066 4312 1277 4386 disertorum,
1311 4311 1420 4386 gallus
1448 4311 1650 4372 domesticus
1680 4313 1779 4371 cantu
1809 4319 1879 4368 eum
1957 4298 1958 4361 l

662 4423 867 4485 excitaturus
897 4427 959 4486 est.
989 4425 1044 4503 Et,
1078 4426 1163 4500 quod
1190 4428 1323 4500 gratum
1346 4424 1542 4499 praesertim
1567 4426 1621 4485 est
1642 4423 1769 4485 homini
1791 4419 1882 4482 annis
1957 4390 1958 4435 ¹

662 4538 829 4612 provecto,
861 4538 1005 4599 adstabit
1035 4538 1103 4599 olla
1132 4537 1236 4614 pultis
1267 4538 1408 4615 calidae,
1439 4538 1525 4598 unde
1556 4538 1678 4598 haustu
1706 4534 1881 4598 identidem
1957 4580 1958 4625 3

661 4653 772 4710 sumto
807 4652 937 4712 animos
971 4651 1034 4712 sibi
1069 4649 1206 4713 reliciat.
1241 4651 1335 4712 Talia
1368 4666 1434 4711 non
1470 4651 1635 4711 habebant
1667 4650 1798 4726 publica
1829 4644 1883 4707 illa

662 4761 855 4825 tribunalia!
886 4766 1022 4840 Iamque
1052 4766 1091 4826 ad
1115 4766 1168 4825 ius
1191 4765 1366 4826 dicendum
1389 4764 1473 4825 nibli
1496 4765 1599 4825 etiam
1622 4765 1799 4839 requiritur
1823 4758 1882 4820 nisi
1957 4762 1958 4769 ’

662 4892 738 4936 reus
767 4878 904 4952 aliquis;
939 4881 996 4939 sed
1027 4881 1081 4939 sat
1112 4880 1177 4939 cito
1212 4880 1323 4953 utique
1352 4880 1382 4939 is
1412 4878 1535 4939 aderit:
1568 4912 1608 4922 -
1639 4877 1717 4940 lites
1745 4874 1883 4937 Athenis
1957 4940 1958 4943 Ἴ

662 4990 749 5050 baud
771 4991 868 5053 lacile
891 4994 970 5052 sunt
991 4991 1189 5053 defecturae.
