4375 6284
731 975 810 1020 vrrs
834 975 873 1019 nn
896 973 1064 1019 cremans.
1452 961 1514 1020 165

302 1149 372 1210 illud
399 1148 545 1225 proderit
574 1147 652 1224 tihi,
683 1146 805 1210 eiflciet
826 1148 916 1208 enim
939 1150 978 1207 ut
1001 1147 1128 1208 senties
1151 1146 1274 1207 bonum
1299 1162 1373 1208 esee
1396 1147 1514 1208 iacien-

302 1263 369 1324 dum
393 1296 432 1306 -
456 1277 522 1324 non
557 1264 594 1322 ιιι
627 1262 711 1323 bene
742 1262 787 1322 sit
817 1261 893 1338 tibi,
925 1260 984 1322 sed
1016 1263 1052 1321 ut
1082 1261 1153 1336 ipse
1177 1260 1283 1322 bonus
1306 1263 1340 1321 et
1363 1261 1411 1321 sic
1434 1261 1516 1323 ielix

301 1375 361 1437 ias.
391 1376 461 1437 Non
492 1376 526 1436 id
549 1361 569 1437 8
591 1376 656 1437 (1118
683 1376 826 1452 petitum
856 1375 1002 1451 oportuit
1026 1377 1064 1435 ut
1086 1389 1262 1451 prosperos
1285 1375 1460 1436 redderent
1484 1376 1517 1436 te

301 1495 442 1567 trosque,
466 1490 525 1551 sed
548 1493 587 1551 ut
609 1490 798 1566 sapientesl

335 1718 497 1792 Numquid
517 1717 665 1779 comicus
684 1717 766 1778 talia
784 1720 897 1778 mente
915 1717 1080 1792 agitavit?
1101 1716 1177 1779 Veri
1196 1732 1313 1794 parum
1334 1716 1462 1790 simiie;
1481 1718 1515 1778 in

298 1832 401 1893 tabula
430 1834 519 1894 certe
549 1831 631 1892 nihil
659 1834 711 1892 eet
732 1846 798 1904 quo
821 1832 893 1907 cogi
916 1831 1083 1906 potuerint
1105 1832 1312 1907 spectatores
1335 1834 1374 1891 ut
1396 1830 1520 1892 similia

300 1963 366 2008 cum
388 1949 500 2009 animo
523 1962 584 2008 suo
603 1946 797 2022 cogitarent.
818 1947 953 2006 Inerant
971 1949 1085 2007 tamen
1106 1947 1186 2008 haec
1205 1947 1316 2008 omnia
1335 1946 1369 2006 in
1388 1945 1516 2007 tabulae

299 2063 485 2137 argumento
522 2075 627 2135 neque
665 2060 706 2122 ab
737 2063 809 2122 arte
846 2076 963 2122 musae
993 2062 1123 2122 iocosae
1160 2060 1347 2122 necessario
1382 2059 1516 2120 inerunt

299 2176 407 2238 ahena.

337 2291 396 2352 Sed
429 2291 502 2367 ipse
535 2292 634 2366 poeta
667 2290 779 2350 minus
811 2291 879 2350 iam
909 2291 962 2350 est
992 2290 1135 2364 iocerne,
1168 2303 1268 2362 quam
1299 2287 1371 2348 mit.
1403 2287 1516 2362 Neque

298 2404 414 2465 hilarus
437 2404 495 2465 ille
511 2404 601 2465 vitae
624 2418 717 2464 arnor
737 2403 767 2464 ei
785 2403 982 2478 permansit,
1004 2402 1061 2462 sed
1081 2401 1255 2463 hominum
1275 2405 1515 2463 contemtorem

298 2533 330 2578 se
360 2519 493 2596 praebet
528 2517 694 2580 acerbum.
728 2516 875 2593 Despicit
903 2517 970 2577 iam
1002 2531 1119 2578 omnes
1150 2519 1184 2578 et
1212 2515 1335 2578 omnia.
1365 2516 1518 2578 Tolerare

298 2633 404 2694 didicit
420 2633 590 2709 homines,
610 2647 723 2693 amare
741 2631 906 2693 dedidicit.
915 2632 990 2692 Non
1003 2632 1158 2692 irascitur
1170 2631 1285 2708 etiam,
1299 2646 1365 2692 non
1378 2630 1520 2692 intendit

298 2748 379 2808 vires
400 2746 441 2807 ad
464 2747 715 2823 optatissimum
734 2745 877 2820 aliquem
902 2743 1003 2806 tinem
1024 2745 1286 2820 assequendum
1310 2744 1419 2807 acerbi
1442 2744 1518 2819 quid

298 2860 400 2922 ridens
423 2862 575 2922 intuetur
599 2863 633 2921 et
655 2862 819 2936 expectat.

338 2978 379 3037 At
406 2975 525 3036 Plutus
555 2974 667 3036 tabula
688 2975 767 3037 licet
788 2988 854 3036 non
877 2975 949 3036 eius
972 2975 1017 3035 sit
1040 2974 1272 3050 Aristophanis
1294 2988 1393 3048 quem
1418 2972 1517 3034 admi·

297 3090 358 3150 rari
387 3090 420 3150 et
446 3089 582 3164 diligere
605 3088 796 3165 didicimus,
821 3090 1009 3150 esttamen
1033 3088 1148 3163 magni
1170 3085 1308 3149 artificis
1331 3101 1423 3162 opus.
1447 3086 1519 3148 Non

296 3203 362 3264 tam
383 3205 490 3266 mtrlta
513 3204 604 3265 dedit
627 3219 726 3279 quam
750 3202 790 3264 ab
811 3203 1073 3264 Achemensium
1093 3202 1216 3263 Avium
1235 3201 1403 3262 Ranarum
1422 3203 1519 3276 poeta
1605 3213 1608 3219 ·

296 3317 566 3393 expectabantur:
586 3316 695 3378 multa
711 3318 826 3378 tamen
845 3316 934 3377 dedit
953 3331 1198 3390 huncquoque.
1219 3315 1387 3390 colloquia
1398 3315 1520 3377 festiva

295 3446 356 3492 non
389 3433 522 3509 desunt,
556 3435 590 3493 et
621 3431 729 3507 lepida
758 3431 936 3491 admodum
967 3433 1046 3491 sunt
1074 3446 1160 3506 quae
1190 3432 1366 3493 narrantur
1395 3431 1518 3492 dedeo

295 3560 387 3608 caeco
408 3548 442 3608 in
465 3545 655 3622 Aesculapii
676 3545 755 3607 iano
777 3545 965 3607 incubante.
991 3545 1080 3620 Quae
1104 3546 1250 3608 narratio
1273 3546 1360 3607 eatis
1379 3548 1524 3608 testatur

294 3663 421 3731 poetam
456 3659 604 3721 recentia
637 3658 695 3720 illa
728 3658 934 3720 medicorum
964 3657 1104 3720 artificia
1134 3659 1236 3721 nihilo
1268 3659 1371 3736 pluris
1403 3660 1522 3722 iecisse

293 3787 390 3844 quam
423 3774 491 3835 alia
524 3773 712 3848 aequalium
747 3771 885 3834 artificia
915 3776 948 3834 et
976 3773 1096 3834 studia.
1128 3773 1272 3835 lirantm
1305 3775 1407 3834 etiam
1437 3788 1521 3848 quae

294 3887 376 3948 risor
397 3903 501 3949 senex
525 3888 639 3962 magni
661 3887 785 3948 iaceret
808 3888 842 3947 in
864 3886 1000 3948 civitate
1020 3890 1089 3947 tam
1109 3887 1265 3948 dissimili
1285 3887 1351 3948 illis
1368 3887 1522 3964 Athenis,

294 4015 375 4071 quas
401 4004 538 4078 puerei
562 4001 692 4063 iuvenis
715 4001 950 4062 ardentissimo
973 4015 1085 4061 amore
1110 4003 1307 4062 amaverat?
1331 4003 1467 4062 erantne
1490 4002 1523 4062 in

292 4119 401 4176 cetera
420 4116 584 4178 Graecia?

879 4366 934 4428 1v.

332 4573 408 4634 Uno
438 4589 526 4635 anno
551 4575 628 4648 post
658 4572 792 4633 Plutum
823 4572 971 4634 fabulam
1001 4587 1122 4634 scenae
1149 4575 1364 4635 commissam
1388 4575 1523 4636 Graecis

290 4685 482 4748 civitatibus
511 4685 613 4749 finem
641 4687 720 4748 novi
742 4685 821 4748 beili
843 4687 923 4748 iecit
945 4702 1011 4763 pax
1033 4687 1074 4747 ab
1098 4687 1275 4750 Antalcida
1297 4687 1427 4749 Lacone
1450 4703 1523 4748 con·

290 4798 411 4862 ciliata
443 4799 531 4877 Quae
561 4800 602 4861 ab
626 4801 688 4862 hoc
712 4802 783 4863 viro
806 4817 928 4863 nomen
951 4802 1065 4879 habet,
1089 4803 1147 4864 sed
1171 4803 1272 4864 etlam
1298 4817 1386 4880 „pax
1409 4797 1522 4878 regia’'

289 4915 339 4974 ost
379 4915 481 4989 dicta,
525 4915 681 4990 quoniam
723 4931 805 4991 „rex
838 4917 1046 4978 Artaxerxes
1080 4917 1175 4977 misit
1206 4931 1281 4977 eam
1316 4917 1453 4992 Spartae
1489 4918 1523 4977 et

289 5027 433 5090 Athenis
463 5033 497 5091 et
525 5033 742 5105 utrorumque
764 5030 898 5092 sociis'’.
922 5029 1049 5092 Callida
1071 5031 1225 5092 videlicet
1248 5031 1423 5092 Persarum
1449 5046 1523 5091 con·
