4375 6284
638 939 703 1000 348
1075 952 1118 998 or
1140 950 1249 996 mou
1271 949 1425 997 immo.

683 1125 770 1186 Ante
803 1125 917 1186 oculos
949 1128 1084 1186 nostroe
1118 1123 1249 1184 sincera
1284 1122 1395 1184 forms
1423 1124 1576 1184 mutatur
1605 1123 1638 1185 iu
1667 1123 1850 1186 deteriorem

637 1239 718 1300 boh.
743 1239 818 1316 286,
842 1239 898 1299 ubi
921 1239 1078 1300 librarius
1102 1238 1130 1299 R
1152 1239 1244 1298 reete
1266 1237 1420 1311 scripsit:

817 1349 857 1424 ὡς
880 1350 937 1432 ἐγὼ
960 1352 1080 1431 βάλλων
1105 1348 1223 1411 ἐκεῖνον
1246 1349 1303 1411 odor
1326 1344 1366 1409 ἂν
1389 1347 1615 1429 ἕμκλήιμην
1637 1351 1751 1428 λίθοις,

638 1467 696 1527 sed
719 1466 895 1542 postmodo
918 1480 1051 1527 erasum
1076 1467 1131 1526 est
1157 1486 1167 1523 ι
1191 1467 1224 1525 et
1247 1464 1360 1526 littere
1378 1487 1397 1540 η
1416 1465 1450 1524 in
1469 1465 1605 1540 siguum
1622 1464 1813 1540 diphthongi
1830 1484 1853 1522 ει

639 1583 691 1641 est
713 1582 854 1641 mutate.

682 1693 804 1755 iisdem
829 1693 1020 1754 homiuibus
1043 1691 1179 1754 debebrr
1203 1691 1291 1766 quod
1314 1691 1392 1766 Lys.
1416 1691 1482 1752 285
1506 1705 1556 1765 sq,
1579 1695 1632 1752 est
1653 1692 1825 1752 traditum:

815 1805 841 1866 ιλ
864 1803 896 1866 (λλ
919 1805 1107 1884 παραβαίην,
1128 1804 1241 1877 ὕδατος
1264 1803 1471 1883 ἐμπλησθῇ
1494 1806 1594 1881 κύλιξ,

638 1921 692 1982 ubi
715 1921 878 1984 sincerem
902 1919 1080 1981 lectionem
1106 1913 1273 2002 ἐμπλῇθ’
1300 1914 1455 1996 ἡκύλιξ
1478 1919 1629 1980 restituit
1649 1917 1781 1979 Iiswes.

683 2034 810 2095 Similis
837 2034 946 2094 forme
976 2048 1087 2094 coram
1119 2032 1215 2095 nobie
1244 2035 1361 2108 poetae
1384 2032 1570 2095 obtruditur
1593 2033 1678 2095 Piut.
1702 2032 1786 2106 8925
1808 2030 1856 2091 ubi

637 2151 727 2210 recte
760 2144 1013 2224 ἐμπλήμενος
1042 2147 1205 2221 scriptum
1236 2148 1289 2207 est
1318 2161 1339 2206 a
1369 2147 1493 2208 codicis
1522 2148 1551 2207 R
1579 2146 1731 2222 librario,
1754 2143 1857 2223 ipnir's

637 2278 746 2336 αμενος
769 2275 847 2322 vero
870 2261 1006 2336 scripsit
1028 2263 1205 2336 corrector,
1241 2260 1338 2334 idque
1357 2260 1392 2320 in
1410 2259 1439 2318 V
1458 2262 1567 2336 extet,
1587 2260 1663 2322 dein
1675 2261 1711 2320 in
1723 2261 1860 2323 deterius

637 2389 737 2437 ruens
759 2375 856 2436 lectio
880 2377 1036 2450 corrupta
1058 2375 1092 2434 in
1116 2375 1145 2434 Δ
1168 2373 1257 2434 iacta
1278 2376 1332 2435 est
1353 2370 1606 2451 ἐμπεπλησμένος.

683 2490 771 2567 Quae
801 2489 857 2564 qui
887 2504 1003 2550 seeum
1034 2491 1182 2564 reputet,
1210 2503 1277 2550 non
1300 2487 1464 2550 dubitabit
1485 2489 1563 2563 quin
1586 2491 1789 2565 -nirivwo‘pm
1809 2485 1860 2546 ubi

637 2605 779 2679 legetur,
802 2603 836 2663 iu
859 2605 1014 2680 -κλινῆναι
1037 2603 1084 2663 sit
1105 2602 1315 2690 mutandum.
1338 2602 1433 2663 Unus
1455 2600 1549 2664 iocus
1571 2602 1749 2663 afferetur:

726 2718 890 2779 Av.122.

822 2830 921 2904 ὥσπερ
948 2831 1078 2906 σισύραν
1101 2829 1450 2910 ἐγκατακλιθῆναι
1472 2829 1646 2908 μαλθακήν.

638 2950 692 3011 Sic
722 2949 760 3025 V,
796 2949 886 3009 recte
920 2960 999 3007 voro
1029 2946 1058 3006 R
1092 2942 1351 3024 ἐγκατακλινῆναι.
1381 2945 1432 3007 Ad
1462 2960 1562 3020 quem
1592 2945 1773 3007 lectionem
1803 2945 1860 3006 eiu·

638 3077 750 3124 ueram
767 3059 790 3133 ¹)
824 3061 905 3123 olim
939 3063 1139 3121 annotatum
1169 3062 1239 3122 est:
1273 3058 1389 3137 ,οὕτως
1420 3058 1551 3137 Ἀττικοί,
1574 3056 1615 3130 ὡς
1641 3057 1674 3119 iv
1703 3059 1862 3135 Νεφέλαις·

637 3174 721 3236 ’ἀλλὰ
759 3172 944 3246 κατακλινεὶς
983 3167 1096 3252 δευρί.
1136 3171 1168 3234 τὸ
1202 3170 1236 3233 δὲ
1276 3176 1468 3251 noviorum
1501 3173 1637 3234 κοινόν.”
1677 3173 1747 3235 Ubi
1787 3175 1863 3234 huet

638 3289 817 3364 leguntur?
843 3289 915 3350 Non
938 3288 972 3348 in
996 3287 1038 3364 R,
1064 3287 1122 3350 sod
1146 3288 1180 3347 in
1203 3285 1241 3363 V,
1265 3288 1300 3348 in
1324 3287 1419 3348 ouius
1441 3290 1573 3348 textum
1597 3289 1733 3362 irrepsit
1755 3293 1864 3350 temen

639 3404 797 3464 vitiosum
825 3401 907 3462 illud
937 3399 1249 3481 ἐγκατακλιθῆναι,
1280 3402 1362 3463 item
1394 3402 1427 3461 in
1458 3401 1588 3463 oodioes
1618 3404 1763 3464 ceteros.
1787 3401 1863 3479 Quid

637 3517 724 3590 quod
741 3517 785 3592 is,
808 3515 865 3589 qui
886 3514 1014 3576 scholia
1037 3515 1161 3576 codicis
1184 3514 1212 3573 V
1234 3515 1443 3591 perscripsit,
1467 3516 1603 3590 gravius
1625 3517 1732 3577 etiem
1756 3532 1865 3578 errans

637 3636 745 3698 textui
775 3634 901 3695 addidit
926 3633 1074 3694 litteram
1095 3657 1114 3693 ν
1137 3620 1459 3714 (innobilium)
1482 3640 1518 3696 et
1542 3635 1669 3697 lemme
1691 3637 1728 3698 in
1751 3636 1864 3698 scholii

638 3748 792 3811 exaravit
832 3744 1174 3826 ἐγκατακλινθῆναιε
1217 3747 1312 3819 οὕτως
1355 3749 1481 3808 Ἀττικαί
1519 3746 1576 3808 κτὲ.
1612 3785 1652 3796 -
1689 3750 1864 3812 Poteratne

638 3861 814 3923 absurdius
837 3861 891 3921 vei
913 3861 1091 3922 fallacius?
1113 3861 1240 3938 Nempe
1262 3862 1297 3923 lu
1323 3877 1428 3923 unum
1451 3862 1686 3925 confluxerunt
1707 3864 1867 3926 lectiones

637 3979 769 4038 sineere
791 3979 826 4037 et
849 3975 973 4038 vitiosa
986 3969 1020 4046 ²).

680 4090 803 4152 Eodem
838 4091 956 4150 aoristi
990 4093 1198 4167 -αλλαχκῆναι
1231 4105 1289 4166 pro
1319 4094 1509 4170 -αλλαγῆναι
1538 4091 1656 4166 scripti
1685 4096 1743 4154 est
1777 4094 1864 4155 ratio.

550 4277 556 4294 Ι
636 4207 744 4280 Aptus
775 4203 815 4264 od
842 4201 942 4264 iidem
966 4203 1152 4265 faciendam
1177 4206 1228 4264 esi
1251 4205 1345 4267 locus
1371 4206 1448 4281 Lye.
1473 4206 1539 4266 900
1561 4221 1645 4283 eqo„
1669 4207 1728 4283 qui
1753 4219 1867 4269 versuo

636 4321 670 4380 in
695 4319 723 4380 R
746 4318 794 4378 sio
818 4320 901 4378 eunt
924 4317 1069 4377 exarati:

814 4428 857 4506 μὰ
881 4425 936 4490 Δί’
962 4429 1019 4490 οὐκ
1042 4425 1141 4510 ἔγωγ’,
1161 4427 1202 4510 ἢν
1224 4429 1266 4508 μὴ
1290 4431 1560 4512 διαλλαχθῆτέ
1582 4455 1615 4513 γε
1637 4430 1696 4494 nrt.

814 4543 852 4604 σὺ
877 4544 908 4604 δ’
933 4541 1009 4603 ἀλλὰ
1031 4545 1274 4623 κατακλίθητι
1295 4541 1354 4624 μετ’
1379 4545 1453 4623 ἐμοῦ
1477 4546 1528 4608 διὰ
1551 4548 1663 4627 χρόνον
1687 4546 1750 4610 κτὲ.

815 4661 929 4733 φιλεῑςς
951 4658 981 4717 τί
1003 4649 1060 4718 οὖν
1084 4656 1122 4719 αὖ
1146 4659 1363 4739 κατεκλίνης.

671 4863 737 4925 ¹)1n
761 4867 783 4914 B
803 4871 917 4916 norisius
941 4871 1020 4917 etism
1043 4870 1106 4918 tob
1128 4873 1176 4919 eol
1195 4871 1263 4919 Ναίν.
1281 4871 1330 4918 eet
1345 4872 1424 4932 vesp.
1443 4872 1517 4929 1888,
1535 4873 1868 4922 solemmacensis

637 4949 932 5088 οοξαὲἷαὶῃῗλιξῖιρ.
952 4951 1014 4997 1211
1034 4951 1095 5010 Iryo.
1113 4953 1171 4997 eut.
1189 4949 1229 4997 Gi.
1247 4951 1330 4999 Oobet
1346 4947 1486 5011 Ηηιιιτίιὶ.ι
1502 4965 1527 5011 p.
1546 4955 1578 5000 88
1595 4955 1623 4998 et
1641 4953 1789 5000 lio-11¹,
