4375 6284
675 961 718 1022 50
1192 975 1234 1020 nn
1257 975 1384 1022 norrun

671 1147 1060 1213 Marathonomachorum
1091 1148 1175 1210 nihil
1205 1149 1348 1211 tortasse
1378 1150 1412 1210 in
1436 1165 1546 1212 rerum
1570 1153 1692 1213 natura
1714 1153 1816 1214 etiam
1839 1152 1887 1213 ob-

674 1279 807 1325 scurum
832 1263 909 1338 erit,
932 1263 1014 1323 nihil
1038 1262 1123 1337 quod
1147 1263 1345 1339 disputando
1368 1280 1434 1325 non
1458 1267 1563 1340 possit
1584 1266 1731 1342 probari,
1754 1267 1811 1327 sed
1831 1267 1889 1326 lato

675 1385 774 1452 utque
804 1377 960 1439 oblivioni
991 1377 1020 1436 ei
1051 1378 1248 1451 quantocius
1277 1380 1359 1438 tunc
1388 1379 1485 1440 detur
1514 1395 1596 1454 gens
1626 1379 1728 1440 nimis
1751 1381 1888 1455 sapiens,

676 1493 799 1567 optime
821 1491 862 1552 de
885 1505 924 1552 ea
947 1493 1060 1551 actum
1085 1490 1159 1551 erit.

720 1609 856 1669 Poetam
898 1604 1124 1679 indignatione
1165 1604 1349 1666 ferventem
1386 1605 1548 1681 proripuit
1580 1607 1778 1668 animus...
1812 1609 1846 1668 ct
1875 1621 1890 1665 e

673 1722 816 1798 simplici
844 1721 1041 1794 argumento
1065 1718 1231 1793 procrevit
1255 1718 1368 1780 tabula
1390 1720 1525 1797 festiva,
1556 1722 1743 1798 ingeniosa,
1775 1723 1890 1798 optime

675 1838 863 1897 cohaerens.
896 1833 933 1894 In
963 1831 1232 1894 Achemensihus
1263 1847 1347 1907 quae
1377 1831 1500 1896 fiebant
1525 1838 1563 1896 ut
1585 1836 1656 1896 veri
1678 1835 1804 1898 similia
1825 1851 1890 1912 pos·

675 1953 750 2012 sent
771 1949 898 2024 haberi,
922 1946 1165 2023 Aristophanes
1183 1962 1225 2007 ne
1244 1947 1420 2009 minimam
1438 1948 1570 2021 quidem
1590 1949 1726 2011 dederat
1744 1965 1890 2026 operam;

677 2067 709 2125 in
733 2061 905 2136 Equitibus
935 2061 991 2134 qui
1015 2060 1198 2137 primarum
1222 2063 1293 2122 erat
1315 2061 1459 2136 partium
1483 2064 1646 2136 quomodo
1669 2079 1687 2124 e
1709 2063 1890 2140 flagitiosis

675 2179 760 2239 simo
791 2175 953 2236 nebulone
975 2174 1069 2236 lieret
1091 2173 1214 2251 probus
1237 2176 1270 2235 et
1292 2175 1436 2251 prudens
1459 2175 1506 2236 rei
1528 2175 1677 2251 publicae
1699 2178 1891 2251 moderator,

676 2307 717 2353 ne
739 2291 901 2366 suspicari
924 2290 1055 2364 quidem
1080 2291 1234 2365 poterant
1255 2291 1478 2364 spectatorem
1500 2289 1644 2350 Nubium
1668 2305 1746 2352 vero
1767 2291 1892 2353 tabulae

675 2420 752 2480 pars
775 2404 866 2465 nulla
890 2402 1122 2479 neglegentius
1145 2405 1198 2463 est
1220 2402 1381 2465 coniecta.
1405 2402 1529 2479 Quippe
1550 2419 1693 2479 regnans
1714 2405 1784 2466 iam
1802 2408 1893 2482 poeta

674 2519 707 2578 in
741 2533 804 2579 sua
837 2518 908 2579 arte
941 2515 1106 2591 quaslibet
1142 2501 1394 2591 compositionis
1428 2519 1461 2578 et
1498 2516 1650 2578 dictionis
1684 2516 1892 2580 difficultates

674 2631 815 2693 ludendo
846 2630 1042 2708 superabat,
1073 2632 1107 2691 et
1129 2644 1212 2704 quas
1233 2629 1339 2691 semel
1362 2630 1451 2691 intra
1473 2645 1584 2695 rerum
1606 2629 1758 2693 fictarum
1783 2632 1892 2694 orbem

673 2746 820 2806 traxerat
858 2747 1084 2821 spectatorum
1118 2746 1250 2804 mentes
1283 2741 1425 2804 firmiter
1459 2759 1565 2819 usque
1598 2745 1783 2821 detinebat,
1819 2745 1892 2805 dum

671 2857 783 2920 fabula
816 2857 917 2919 alacri
951 2856 1179 2932 aequabilique
1211 2871 1329 2933 gressu
1363 2857 1435 2918 sine
1468 2857 1611 2919 saltibus
1643 2839 1891 2920 violentioribus

672 2972 711 3032 ad
736 2971 837 3032 linem
860 2971 1070 3047 properabat.

715 3201 940 3276 Strepsiadem
972 3202 1099 3275 patrem
1131 3198 1278 3260 familias
1307 3199 1348 3259 ad
1379 3199 1499 3260 incitas
1529 3199 1650 3260 dudum
1681 3201 1811 3276 redegit
1832 3198 1890 3259 hel·
1974 3226 1975 3235 κ

670 3317 754 3392 lum,
790 3316 922 3389 iamque
953 3329 1040 3375 nova
1070 3313 1100 3375 ei
1135 3314 1269 3389 negotia
1302 3313 1474 3375 lacessivit
1507 3312 1596 3375 lilius
1629 3329 1732 3388 equos
1764 3313 1890 3376 alendo.

669 3431 776 3505 Equos
805 3428 935 3490 scilicet
968 3427 1072 3505 patris
1103 3427 1193 3502 perci
1224 3429 1324 3500 atque
1354 3427 1455 3488 sobrii
1485 3425 1588 3504 lilius,
1619 3427 1772 3488 modesta
1801 3430 1891 3489 ortus

667 3541 886 3619 agricolarum
909 3543 1020 3617 gente,
1045 3540 1130 3602 eatis
1153 3539 1232 3601 olim
1255 3541 1444 3616 beatorum,
1469 3541 1547 3601 dum
1572 3556 1637 3616 pax
1661 3543 1732 3602 eret
1753 3544 1788 3602 et
1808 3543 1892 3603 inco·

665 3657 769 3718 lumia
795 3655 931 3717 stabant
959 3654 1072 3716 Attica
1103 3653 1250 3730 praedia,
1274 3653 1333 3714 sed
1357 3654 1485 3715 afastu
1508 3655 1599 3716 inani
1622 3669 1721 3728 quam
1745 3655 1892 3716 maxime

666 3771 860 3833 alienorum.
890 3768 1017 3844 Nempe
1048 3783 1068 3828 a
1098 3770 1208 3829 matre
1239 3767 1342 3829 nobili
1372 3769 1407 3829 et
1437 3769 1525 3830 vitae
1556 3768 1703 3829 urbanae
1732 3767 1893 3829 innutrita

666 3885 727 3946 hoc
757 3884 857 3944 habet
886 3885 984 3959 pueri
1017 3881 1101 3957 Quin
1125 3881 1206 3942 adeo
1232 3896 1403 3942 versuram
1427 3881 1519 3957 iecit,
1543 3882 1676 3956 lamque
1697 3883 1804 3944 instat
1826 3882 1893 3942 dies

666 4015 731 4074 qua
764 3997 924 4059 solvenda
958 3999 1056 4057 erunt
1090 3996 1217 4072 fenora,
1251 4011 1358 4070 neque
1390 3998 1522 4058 nummi
1551 3999 1685 4073 praesto
1715 4001 1797 4060 sunt
1826 3994 1893 4056 ulli.

664 4114 824 4174 Somnum
848 4112 922 4172 seni
942 4111 1117 4172 excutiunt
1139 4124 1237 4171 curae
1260 4109 1392 4187 edaces,
1423 4111 1536 4185 itaque
1566 4113 1664 4172 nocte
1685 4111 1755 4172 iam
1777 4111 1894 4172 intem·

664 4229 758 4302 peste
788 4228 867 4287 ante
897 4225 1034 4285 domum
1059 4239 1157 4285 suam
1182 4226 1337 4284 versatur
1361 4224 1491 4284 consilii
1514 4225 1620 4299 inops.
1644 4223 1792 4286 Tandem
1818 4223 1893 4284 inci·

666 4341 714 4402 dit
747 4341 777 4401 ei
811 4337 989 4400 consilium
1032 4336 1199 4398 salutare:
1242 4336 1284 4398 ab
1318 4337 1391 4413 ipso
1426 4336 1509 4412 filio,
1544 4338 1600 4412 qui
1636 4339 1684 4399 rei
1719 4337 1895 4400 familiaris

665 4453 822 4530 prodigus
857 4455 927 4512 tam
963 4450 1103 4511 licenter
1139 4449 1281 4511 indulsit
1314 4450 1426 4525 genio,
1470 4448 1611 4512 salebris
1645 4451 1727 4528 eripi
1761 4450 1896 4529 poterit.

665 4567 760 4628 adito
779 4565 835 4626 ilie
854 4565 943 4624 viros
962 4563 1089 4638 doctos,
1110 4563 1216 4636 quiin
1233 4561 1429 4624 Meditaoulo
1449 4561 1601 4624 habitant
1620 4562 1702 4640 illic,
1723 4564 1894 4625 Socratem

662 4678 949 4753 Chaerephontem
979 4680 1118 4737 ceteros.
1146 4675 1194 4735 Ibi
1221 4676 1310 4736 enim
1334 4674 1475 4737 discitur
1497 4677 1662 4750 quomodo
1683 4677 1725 4739 de
1747 4676 1895 4752 qualibet

663 4809 698 4854 re
726 4792 760 4852 in
790 4793 964 4864 utramque
994 4792 1124 4866 partem
1154 4790 1264 4864 possit
1294 4775 1458 4865 disputari
1482 4793 1516 4850 ct
1538 4805 1593 4851 res
1615 4789 1752 4853 debilior
1774 4789 1897 4867 quibua

664 4905 837 4967 verborum
869 4901 1018 4964 artificiis
1047 4901 1108 4963 ilat
1132 4901 1268 4963 tirmior.
1293 4903 1342 4963 lix
1366 4902 1425 4963 illa
1447 4903 1619 4980 disciplina
1641 4918 1717 4965 cum
1742 4905 1896 4976 redierit,

662 5016 877 5082 creditoribus
899 5017 981 5079 nihil
1006 5031 1042 5078 se
1065 5017 1182 5078 dehere
1204 5017 1291 5078 baud
1315 5017 1489 5079 difficulter
1511 5017 1651 5078 evincet.

1966 3920 1967 3997 l

1964 4004 1966 4091 l

1963 4098 1965 4187 l
