4375 6284
649 933 712 995 154
1165 945 1206 990 nn
1230 945 1355 991 ronnas

646 1120 746 1181 decus
775 1121 808 1180 et
834 1119 949 1195 honor,
963 1163 972 1180 .
985 1162 1015 1180 ..
1039 1118 1098 1180 eso
1122 1117 1226 1179 vitam
1257 1119 1296 1178 ut
1321 1117 1405 1179 bene
1428 1118 1462 1178 et
1483 1117 1624 1180 feliciter
1646 1119 1753 1194 possit
1773 1123 1866 1180 11111·

646 1234 750 1309 igere,
774 1246 858 1293 suus
881 1231 928 1292 sit
950 1245 1088 1293 necesse
1108 1234 1177 1306 eet;
1201 1245 1279 1292 nam
1300 1245 1395 1292 suem
1415 1231 1554 1306 quisque
1577 1232 1663 1293 vivit
1680 1233 1799 1310 vitum,
1816 1249 1869 1294 sua

647 1347 761 1408 ments
782 1345 900 1421 utitur,
924 1345 996 1406 euis
1015 1343 1189 1407 effectibus
1209 1346 1375 1421 moretur,
1401 1360 1463 1407 eus
1484 1345 1587 1407 hebet
1609 1346 1683 1408 iura
1706 1379 1747 1391 -
1771 1348 1802 1407 et
1817 1361 1870 1406 sua

647 1457 765 1520 officia
807 1457 952 1535 improbi
990 1457 1171 1520 nebulones
1206 1471 1283 1518 cum
1317 1457 1478 1534 discipulo
1511 1457 1568 1520 illc
1603 1474 1621 1521 e
1654 1460 1867 1536 sophistarum
1961 1435 1962 1464 '

648 1573 844 1635 Medltsculo
873 1574 1000 1635 recenti
1030 1573 1199 1635 clamante
1229 1573 1284 1633 ius
1306 1587 1381 1633 esse
1404 1572 1511 1634 cuivis
1534 1573 1689 1647 quicquid
1712 1573 1870 1650 exipsius

647 1702 683 1748 re
713 1687 775 1748 sit:
808 1719 849 1732 -
881 1687 1078 1749 contemtim
1110 1685 1298 1761 repellenda
1328 1687 1408 1746 sunt
1437 1685 1627 1748 istiusmodi
1655 1686 1790 1764 placita,
1821 1686 1869 1748 eei

648 1799 750 1861 simul
780 1801 965 1863 cavendum
996 1815 1039 1861 ne
1061 1801 1095 1860 in
1121 1800 1324 1861 contrarium
1348 1813 1494 1861 errorem
1516 1803 1653 1862 ruentes
1674 1799 1869 1876 singulorum

648 1914 721 1976 iura
749 1917 822 1976 tam
852 1916 952 1976 anxie
983 1921 1195 1976 coerceamus
1225 1915 1263 1975 ut
1293 1911 1387 1974 liberi
1411 1913 1540 1976 arbitrii
1562 1915 1621 1974 vix
1644 1915 1815 1990 quicquam
1837 1913 1872 1972 iis

648 2029 754 2088 restet
784 2029 818 2089 et
847 2029 880 2089 in
912 2042 1090 2089 commune
1120 2027 1334 2089 conterantur
1355 2027 1480 2089 omniu.
1504 2025 1688 2089 Felicitatis
1710 2028 1807 2089 homo
1827 2029 1872 2088 est

649 2141 821 2217 appetens,
845 2140 887 2202 ad
909 2140 1106 2203 felicitatem
1124 2143 1237 2202 autem
1256 2153 1361 2201 unum
1381 2139 1534 2202 conducit
1552 2141 1656 2202 animi
1677 2140 1871 2217 corporisque

650 2257 952 2328 temperamentum
983 2253 1126 2316 liberum
1158 2257 1257 2329 atque
1289 2253 1474 2330 aequabile,
1508 2254 1560 2315 cui
1591 2255 1744 2328 quicquid
1773 2254 1871 2314 sdver-

650 2368 755 2442 eatur‚
779 2369 876 2429 nocet
898 2371 935 2430 et
956 2366 1073 2429 turbes
1094 2368 1211 2444 gignit.

694 2604 788 2664 'l'alia
817 2604 1059 2681 Aristophanes
1088 2606 1122 2666 in
1153 2608 1267 2668 mente
1290 2606 1422 2683 hebuit,
1447 2620 1521 2667 cum
1547 2607 1624 2668 iecit
1647 2605 1807 2679 tabulam,
1828 2605 1873 2665 cui

652 2718 801 2778 Mmieres
821 2718 1035 2780 musmones
1056 2719 1130 2779 sive
1153 2719 1363 2781 Feminarum
1385 2719 1562 2795 Imperium
1581 2719 1673 2781 dedit
1690 2733 1821 2780 nomen.
1839 2717 1875 2778 Et

649 2832 834 2893 luculenter
854 2833 997 2894 testatur
1015 2847 1055 2893 ea
1072 2833 1198 2910 fabula,
1218 2848 1284 2908 qua
1298 2834 1369 2894 vite
1382 2833 1572 2909 promiscua
1582 2833 1722 2896 ludibrio
1734 2832 1874 2904 hebetur,

650 2962 705 3008 ree
734 2947 901 3009 humanas
930 2947 1086 3023 ipsosque
1113 2947 1266 3009 homines
1289 2948 1320 3008 ei
1342 2947 1463 3008 melius
1485 2947 1589 3009 luisse
1612 2947 1762 3022 cognitos
1785 2963 1876 3022 quam

650 3077 773 3138 magno
796 3061 845 3122 iili
866 3061 1075 3138 philosopho,
1100 3062 1156 3136 qui
1178 3061 1267 3122 seria
1289 3077 1391 3137 agens
1409 3063 1444 3122 et
1462 3061 1577 3137 generi
1596 3061 1742 3123 humano
1762 3062 1876 3138 optima
1961 3145 1962 3154 ἵ

652 3176 768 3237 volens
802 3176 975 3237 civitatem
1008 3177 1057 3237 ita
1090 3177 1223 3238 institui
1252 3177 1360 3237 iussit.
1391 3176 1486 3238 Plato
1516 3176 1674 3238 mulieres
1704 3190 1770 3237 non
1800 3173 1877 3236 tanti
1961 3175 1962 3246 ἕ

651 3289 794 3353 iaciebat
815 3290 893 3365 quin
915 3289 1002 3350 eatis
1023 3290 1158 3352 honoris
1181 3290 1231 3351 eie
1253 3289 1365 3351 haberi
1391 3293 1540 3351 censeret
1562 3291 1591 3350 si
1613 3289 1792 3352 liberorum
1816 3304 1876 3365 pro
1961 3257 1962 3292 ἶ

652 3403 868 3464 creandorum
903 3418 1005 3465 cauea
1038 3403 1121 3466 bene
1150 3406 1357 3467 nutrirentur
1388 3408 1421 3466 et
1451 3406 1692 3480 exercerentur,
1724 3410 1763 3465 ut
1786 3415 1877 3478 equae

652 3531 795 3578 csueevc
825 3516 1069 3592 generosiores:
1102 3519 1200 3594 poeta
1230 3533 1308 3581 vero
1340 3520 1501 3596 comicus,
1533 3517 1589 3593 qui
1618 3517 1658 3578 de
1688 3518 1823 3579 leminis
1844 3549 1876 3560 -
1961 3541 1962 3584 i

655 3632 691 3691 ut
720 3630 760 3691 (ie
784 3630 865 3691 viris
889 3664 928 3674 -
954 3630 1143 3707 petulanter
1166 3633 1200 3693 et
1223 3632 1346 3694 ludicre
1368 3632 1455 3694 dixit
1476 3632 1634 3709 plurima,
1659 3629 1760 3707 probe
1783 3630 1879 3691 sensit

654 3744 833 3806 mulierum
874 3744 933 3806 iile
975 3747 1225 3822 communione,
1260 3760 1360 3821 quem
1396 3746 1483 3807 inter
1517 3743 1673 3820 aequales
1705 3749 1802 3806 erant
1833 3741 1879 3818 qui

654 3859 928 3922 commendarent
956 3861 1073 3936 utpote
1103 3859 1266 3921 melorum
1303 3859 1453 3921 civilium
1487 3858 1674 3921 remedium
1704 3856 1878 3920 efficacissi-

655 3989 762 4050 mum,
798 3973 1035 4034 contumeliam
1069 3971 1141 4034 fleri
1175 3973 1306 4048 generis
1340 3972 1479 4034 humani
1513 3973 1600 4048 parti
1635 3971 1733 4034 alteri
1763 3971 1879 4049 ipsique

654 4087 736 4149 adeo
759 4087 962 4148 humanitati
985 4087 1054 4147 vim
1078 4085 1203 4148 inferri.

700 4204 797 4263 Anno
821 4203 885 4262 392
909 4216 1031 4262 scenae
1054 4202 1236 4263 commissa
1258 4204 1311 4262 eet
1333 4200 1458 4278 tabule,
1483 4201 1645 4262 incertum
1665 4199 1787 4275 quitus
1804 4197 1880 4259 ludis

655 4332 761 4392 quove
784 4319 919 4378 eventu.
943 4315 1092 4377 Primum
1116 4316 1316 4392 praemium,
1340 4330 1404 4390 quo
1428 4317 1500 4376 erat
1523 4314 1735 4390 dignissima,
1760 4314 1878 4376 utinam

656 4431 687 4493 ei
709 4430 808 4491 luerit
831 4429 1018 4491 decretuml

701 4545 840 4605 Summa
880 4543 979 4604 laude
1019 4543 1164 4604 dicimus
1205 4543 1450 4618 dignissimam.
1492 4541 1673 4603 Dissimilis
1710 4553 1879 4617 sanequam

657 4656 927 4720 Acharnensibue
950 4656 1002 4717 vel
1025 4658 1170 4718 Avibus!
1195 4655 1261 4718 Alii
1281 4656 1434 4717 videlicet
1452 4656 1626 4717 auctumni
1648 4657 1728 4716 eunt
1751 4655 1879 4724 colores.

656 4771 713 4832 alii
743 4770 870 4832 irondie
899 4786 1015 4833 noves.
1045 4769 1168 4831 Viridis
1196 4772 1267 4831 erat
1289 4773 1389 4846 poete
1412 4783 1488 4832 cum
1515 4770 1606 4846 pacis
1629 4769 1754 4844 otiique
1777 4766 1880 4830 rustici

657 4885 776 4946 cecinit
810 4884 927 4945 laudes
961 4887 996 4945 et
1030 4884 1111 4944 diris
1141 4883 1276 4945 devovit
1306 4882 1383 4944 belli
1413 4882 1598 4958 studioeoe;
1629 4881 1746 4943 viridis
1768 4886 1797 4943 ci
1820 4883 1880 4940 erat

656 5014 747 5077 spes,
779 4997 887 5060 uirida
919 4999 1090 5074 iuventae,
1122 4996 1264 5058 necdum
1294 4997 1373 5058 anni
1402 4995 1584 5058 attulerant
1604 5011 1716 5059 rerum
1739 4995 1882 5073 peritiam
