4375 6284
753 949 895 995 111661
919 947 1087 994 cremnos.
1489 935 1531 994 31

322 1127 390 1186 satis
411 1139 575 1199 superque
599 1127 699 1186 uotae
725 1124 825 1185 habet
847 1122 1051 1199 Dicaeopolis
1074 1122 1224 1184 Persicas
1247 1122 1323 1183 illas
1346 1138 1437 1199 opes,
1461 1138 1531 1199 pro·

324 1241 430 1299 1116666
459 1253 591 1314 semper
620 1239 661 1298 ab
692 1237 878 1299 oratoribus
912 1237 1148 1313 magniloquis,
1173 1239 1325 1312 acceptas
1348 1250 1532 1313 nunquam,

323 1357 350 1414 61
368 1353 471 1414 666166
494 1352 570 1412 illos
593 1351 751 1426 Thraces,
785 1354 942 1412 venturos
966 1366 1107 1426 semper,
1132 1351 1191 1411 sed
1213 1365 1397 1425 numquam
1421 1350 1533 1426 adspe-

322 1471 391 1527 ctos.
411 1467 482 1526 Nisi
506 1466 587 1540 ipsis
609 1464 744 1538 legatis,
769 1465 894 1524 nemini
918 1464 1108 1539 profuturae
1131 1468 1211 1525 sunt
1233 1464 1311 1526 illae
1335 1465 1532 1540 legationen,

321 1580 437 1642 tabulae
479 1580 568 1639 enim
608 1593 696 1638 nunc
738 1591 866 1653 quoque
908 1581 1086 1639 narrantur
1121 1578 1249 1639 civibus
1283 1578 1370 1640 male
1404 1591 1534 1654 semper

322 1693 462 1754 credulis.

358 1807 488 1882 Iamque
519 1821 619 1881 supra
649 1819 760 1865 rerum
790 1804 1054 1878 quotidianarum
1086 1805 1239 1880 paludem
1264 1806 1361 1880 poeta
1383 1805 1535 1867 evehitur

319 1920 409 1980 insita
431 1922 465 1982 vi
489 1919 628 1995 ingenii,
654 1922 687 1980 et
709 1932 794 1992 quae
817 1919 849 1978 in
875 1919 937 1979 hac
957 1919 1027 1979 vita
1049 1917 1122 1979 1611
1142 1923 1324 1994 nequeunt,
1344 1917 1429 1979 flunt
1444 1919 1533 1979 intra
1588 1913 1592 1920 '

319 2033 418 2094 orbem
454 2034 551 2094 illum
586 2031 770 2106 magicum,
808 2031 862 2092 uhi
896 2030 1026 2092 habitat
1060 2047 1159 2093 musa
1194 2033 1336 2108 comica,
1371 2033 1483 2108 procul
1514 2046 1534 2092 a

319 2147 508 2208 clamoribus
538 2147 709 2221 turbisque
740 2144 907 2221 civilibus,
933 2145 1033 2206 nullis
1056 2145 1219 2221 temporis
1241 2146 1385 2223 spatiive
1407 2146 1536 2221 legibus

319 2261 486 2336 impedita.
502 2305 531 2320 ..

358 2375 500 2436 Nauseat
511 2373 715 2449 Dicaeopolie
734 2372 900 2433 fallacium
917 2373 1178 2434 homuncionum
1190 2372 1336 2435 verbula.
1356 2374 1534 2449 semperne

319 2489 408 2562 igitur
440 2488 606 2563 patienter
635 2485 771 2547 ferenda
800 2489 898 2546 erunt
928 2486 1034 2547 talia?
1064 2487 1137 2547 Non
1163 2487 1247 2548 16161
1268 2488 1337 2563 1116,
1362 2487 1420 2548 661
1442 2487 1535 2547 solus

319 2603 463 2674 quoniam
488 2577 629 2661 Athenin
651 2600 753 2661 etiam
777 2600 877 2674 sapit,
902 2599 995 2660 solus
1018 2600 1108 2662 malo
1130 2615 1168 2662 66
1187 2600 1319 2677 eripiat,
1339 2601 1431 2661 solus
1450 2600 1535 2661 salu·

319 2719 379 2775 tem
408 2715 682 2791 recuperabit...
706 2729 771 2775 nou
801 2714 965 2788 bellando,
998 2715 1056 2775 sed
1087 2731 1202 2791 pacem
1231 2715 1434 2776 conciliando
1457 2730 1531 2775 cum

318 2829 462 2891 hostibus
497 2829 577 2905 illis,
612 2829 667 2905 qui
699 2829 813 2889 hostes
843 2827 914 2890 1611
944 2844 1128 2903 numquam
1160 2830 1352 2890 debuerant.
1387 2828 1453 2889 Res
1482 2832 1535 2890 est

318 2943 561 3018 simplicissima
585 2944 618 3002 61
641 2941 815 3002 facillima:
840 2942 903 3002 sibl
926 2942 1060 3016 suisque
1079 2946 1255 3017 postquam
1279 2957 1393 3017 pacem
1418 2942 1533 3003 tricen-

317 3057 419 3117 nalem
451 3055 531 3117 iecit
561 3070 635 3116 cum
667 3055 914 3130 Peloponnesiis
940 3055 1125 3130 horumque
1151 3055 1264 3131 sociis,
1290 3089 1330 3100 -—
1355 3055 1472 3130 quippe
1495 3056 1535 3116 ad

317 3169 486 3230 ineundam
524 3183 694 3243 nunquam
729 3183 794 3229 non
824 3169 1062 3242 paratissimis!
1089 3201 1130 3211 -
1161 3168 1195 3228 ln
1229 3169 1399 3243 praedium
1434 3183 1534 3228 suum

316 3281 395 3342 redit
417 3281 655 3342 comitantibus
681 3295 784 3341 uxore
807 3279 875 3341 fllia
898 3284 1010 3342 cetera
1031 3281 1168 3341 familia.
1193 3280 1281 3355 Quae
1303 3284 1436 3342 vastata
1456 3283 1536 3341 sunt

317 3394 389 3470 illic,
414 3398 587 3457 erecturus
609 3399 769 3456 osthova
792 3409 850 3470 spe
874 3396 1002 3456 erectus
1026 3395 1113 3471 ipse,
1138 3399 1172 3455 61
1194 3411 1299 3456 novas
1322 3395 1455 3455 arbores
1478 3409 1536 3469 pro

317 3511 431 3571 excisis
466 3513 611 3571 saturus.
646 3509 727 3570 Post
760 3508 862 3568 otium
898 3509 1001 3569 nimie
1042 3509 1178 3584 longum
1214 3509 1392 3570 laborando
1427 3509 1534 3570 denuo

317 3621 443 3686 brachia
467 3637 622 3684 exercere
644 3623 766 3698 gestit.
781 3666 788 3682 .
803 3665 811 3681 .

356 3740 399 3798 At
423 3738 597 3814 „Apagel”
621 3736 765 3811 undique
788 3735 817 3795 61
841 3734 1057 3796 occiamitant
1079 3738 1214 3812 pagani,
1239 3740 1276 3798 ut
1298 3736 1442 3810 primum
1461 3750 1533 3795 sen·

314 3855 425 3912 serunt
448 3850 527 3924 quid
550 3852 645 3924 agat:
673 3864 797 3925 „apage
821 3850 990 3910 hominem
1015 3850 1309 3925 scelestissimum,
1341 3851 1396 3924 qui
1418 3864 1532 3925 pacem

315 3963 382 4023 iniit
405 3979 484 4025 cum
508 3961 660 4022 hostibus
682 3961 909 4037 incendiariis,
935 3963 1078 4038 sicariis,
1103 3963 1282 4037 periurisl”

356 4078 442 4153 ,Vos
466 4079 570 4153 igitur
593 4075 663 4138 1611
687 4077 764 4150 quid
789 4076 935 4138 iubetis?
963 4079 1143 4154 Semperne
1164 4079 1230 4140 6111
1252 4077 1534 4155 deproeliandum,

316 4191 433 4264 „donec
468 4191 553 4252 nihil
586 4194 722 4266 superet
755 4189 850 4251 nobis
880 4191 967 4264 quod
998 4192 1085 4252 16116
1115 4193 1288 4253 tutamur?
1322 4193 1388 4253 Nos
1418 4195 1533 4252 autem

315 4306 475 4378 ,16116666
506 4319 636 4380 semper
666 4307 700 4364 61
732 4303 910 4365 benevolos
940 4319 1003 4366 nos
1026 4307 1259 4381 praestitimus
1282 4321 1361 4381 erga
1386 4305 1534 4365 vicinos?

315 4418 461 4492 ‚Nihilne
482 4417 707 4492 deliquimus?
727 4416 808 4478 Cum
831 4418 970 4494 rixatur,
993 4419 1149 4492 utrinque
1173 4421 1344 4494 peccatum
1368 4432 1442 4479 6666
1464 4419 1534 4477 tute

315 4532 525 4604 ,crediderlsi
551 4530 678 4592 Oblivio
701 4531 903 4605 sepeliamus
926 4532 1060 4592 tandem
1085 4535 1219 4593 vetusta
1241 4532 1298 4593 illa
1321 4532 1499 4592 crimina!”

352 4647 463 4707 Vincit
500 4658 596 4705 meus
630 4658 727 4720 sana,
763 4644 868 4718 adque
898 4642 1173 4722 Dicaeopolidem,
1206 4646 1261 4720 qui
1292 4644 1436 4720 agricola
1466 4645 1533 4703 iam

313 4759 414 4821 166166
444 4762 499 4822 661
531 4759 653 4835 denuo,
687 4759 771 4820 redit
800 4759 858 4818 illa
888 4774 988 4833 quam
1015 4775 1072 4820 rus
1097 4759 1232 4836 praebet
1255 4758 1475 4831 abundantia;
1500 4759 1533 4818 in

314 4875 446 4946 pristina
478 4873 569 4933 vitae
599 4872 762 4932 facilitate
792 4871 880 4932 ludis
903 4876 937 4933 61
960 4873 1041 4934 16616
1065 4873 1220 4934 61166116
1244 4874 1408 4934 conviviis
1430 4873 1536 4932 denuo

313 4985 435 5050 fruitur.
468 4986 560 5048 Alibi
590 4987 670 5046 dum
700 4985 821 5046 misere
851 4988 1006 5061 esuritur,
1034 4985 1083 5047 illi
1105 4989 1238 5061 praesto
1262 5019 1303 5030 -
1326 4988 1364 5047 ut
1386 4986 1467 5046 olim
1492 5021 1530 5030 -
