4375 6284
683 971 725 1029 20
1200 984 1242 1027 os
1265 985 1390 1029 somus

681 1155 736 1216 diu
759 1155 898 1216 libratae
921 1155 1047 1216 vitibus
1068 1157 1298 1217 sustentandis
1319 1159 1503 1219 inservient
1525 1159 1560 1218 in
1582 1159 1696 1220 Attica
1721 1160 1762 1220 ad
1784 1173 1895 1220 novam

680 1269 877 1330 felicitatem
910 1270 1050 1330 renata?
1084 1269 1266 1331 Frondibus
1302 1271 1404 1332 colles
1436 1272 1566 1346 quando
1597 1273 1752 1334 virebunt
1786 1273 1896 1344 denuo,

682 1384 819 1445 canticis
842 1399 1027 1445 messorum
1050 1385 1086 1444 et
1110 1384 1389 1446 vindemiatorum
1413 1387 1542 1460 quando
1565 1386 1792 1448 resonabunt?

728 1496 886 1572 Quando?
900 1541 907 1556 .
922 1541 952 1558 ..

725 1611 902 1672 Proximus
932 1626 1041 1672 annus
1063 1627 1128 1673 non
1150 1626 1265 1688 pacem
1289 1614 1346 1674 sed
1369 1614 1580 1689 populatores
1601 1615 1736 1676 reduxit
1753 1614 1788 1673 in
1811 1626 1899 1688 agros

681 1725 822 1787 Atticos.
853 1726 915 1787 Per
936 1727 1007 1787 dies
1030 1727 1250 1802 quadraginta
1272 1743 1372 1789 aurae
1395 1743 1517 1790 uernae
1540 1728 1801 1789 Atheniensibus
1822 1727 1902 1787 intra

681 1839 814 1900 moenia
847 1840 949 1900 etiam
985 1855 1021 1900 se
1056 1841 1305 1901 retrahentibus
1338 1856 1404 1901 non
1441 1844 1574 1916 gratum
1608 1844 1739 1903 resinae
1773 1842 1899 1902 odorem

681 1953 867 2014 attulerunt
884 1935 1020 2015 renatae
1039 1954 1165 2015 frondis
1183 1956 1353 2031 nuntium,
1374 1955 1432 2015 sed
1455 1958 1524 2016 usti
1542 1956 1625 2030 ligni
1644 1971 1754 2017 acrem
1777 1956 1900 2016 fumum

681 2070 715 2128 et
736 2067 880 2128 favillas.
903 2067 945 2128 Et
967 2083 1043 2128 cum
1067 2067 1223 2128 hostibus
1245 2069 1443 2129 mortalibus
1466 2070 1539 2144 ipsa
1561 2071 1630 2130 ism
1652 2071 1792 2130 numina
1809 2068 1900 2128 socie·

680 2183 785 2241 tatem
817 2181 961 2242 inierunt
991 2182 1031 2242 ad
1064 2182 1223 2242 miseram
1254 2181 1428 2242 civitatem
1458 2183 1678 2258 perdendam;
1708 2198 1786 2242 nam
1813 2184 1902 2242 extra

680 2310 794 2356 muros
825 2295 904 2355 dum
934 2295 1024 2355 faces
1058 2297 1091 2354 et
1121 2309 1256 2355 secures
1286 2295 1393 2356 denuo
1427 2296 1633 2372 saevierunt,
1664 2297 1698 2355 in
1729 2299 1802 2370 ipsa
1829 2294 1901 2355 urbe

678 2408 831 2469 homines
855 2411 930 2470 arto
953 2409 1060 2483 spatio
1084 2409 1228 2483 stipatos
1251 2409 1427 2483 occupavit
1449 2408 1585 2470 morbus
1608 2410 1719 2484 atrox,
1739 2409 1794 2483 qui
1813 2421 1903 2468 caeco

680 2524 769 2584 malo
798 2523 934 2584 tertium
963 2535 1127 2596 quemque
1156 2537 1198 2582 ex
1229 2521 1272 2581 iis
1302 2522 1482 2598 absumsit,
1511 2523 1614 2584 donec
1636 2522 1728 2582 luctu
1751 2522 1902 2596 impletae

678 2640 758 2697 sunt
770 2639 862 2696 totae
873 2635 1025 2695 Athenae
1038 2636 1072 2695 et
1088 2635 1145 2694 vix
1163 2635 1293 2695 inventi
1311 2638 1391 2695 sunt
1408 2636 1464 2709 qui
1483 2635 1661 2710 sepelirent
1675 2635 1900 2695 defunctorum

681 2763 825 2823 corpora.

724 2862 855 2922 uer-tius
878 2865 1015 2922 secutus
1037 2864 1091 2923 est
1113 2876 1222 2922 annus
1241 2861 1473 2923 calamitatum
1493 2863 1601 2938 ferax,
1626 2866 1660 2923 et
1677 2866 1881 2935 quartus...

1271 3316 1312 3375 II.

718 3545 873 3609 Celeriter
896 3541 1167 3604 maturescebant
1189 3542 1318 3603 fructus
1342 3543 1466 3617 ingenii
1489 3543 1523 3602 in
1546 3542 1627 3603 urbe
1646 3542 1748 3602 malis
1766 3544 1900 3614 referta,
1974 3512 1975 3543 ³

675 3665 711 3722 ut
741 3676 827 3721 uvae
854 3659 889 3718 in
913 3671 1025 3717 crasso
1051 3656 1290 3730 tepidariorum
1313 3662 1399 3716 aere.
1425 3655 1572 3730 Quatuor
1594 3671 1653 3731 per
1674 3670 1781 3717 annos
1806 3659 1901 3718 inter·

674 3775 829 3836 necisum
860 3771 1059 3832 Graecorum
1091 3769 1214 3830 bellum
1239 3770 1294 3842 qui
1317 3772 1466 3829 moestus
1490 3769 1656 3844 adspexit,
1681 3772 1825 3843 quatuor
1846 3784 1903 3844 per

672 3901 777 3949 annos
800 3885 856 3959 qui
880 3883 966 3944 ruris
989 3882 1099 3958 spatia
1119 3884 1307 3956 aetatisque
1329 3882 1466 3957 puerilis
1490 3881 1678 3943 libertatem
1701 3882 1900 3944 desideravit

672 4001 706 4061 in
737 3998 828 4059 urbis
859 3997 951 4057 luctu
982 4011 1113 4056 mersae
1143 3997 1323 4070 angustiis,
1358 4009 1421 4055 non
1452 4010 1534 4070 puer
1564 3996 1594 4055 is
1623 3998 1677 4056 est
1699 3997 1819 4072 eham,
1845 3994 1901 4056 sed

672 4113 812 4174 iuvenis.
848 4109 1024 4171 Generosis
1057 4109 1179 4169 studiis
1213 4109 1267 4169 hic
1300 4112 1432 4169 aestuat
1464 4112 1500 4169 et
1530 4123 1614 4183 quae
1646 4113 1759 4170 mente
1786 4105 1902 4170 mobili

674 4227 779 4302 agitat
801 4223 955 4298 consilia,
978 4223 1012 4282 in
1036 4223 1161 4283 civium
1184 4223 1395 4283 commodum
1421 4237 1599 4283 commune
1621 4222 1767 4298 proferre
1789 4221 1903 4298 gestit.

674 4341 810 4415 Tacere,
841 4337 1022 4411 quiescere,
1054 4335 1266 4410 peritioribus
1290 4337 1404 4397 cedere
1427 4352 1491 4397 non
1515 4337 1631 4396 sinunt
1652 4351 1729 4396 cum
1749 4350 1848 4397 amor
1871 4340 1903 4395 et

672 4455 795 4515 odium.
828 4451 978 4512 Afflictos
1008 4451 1179 4510 erecturus
1209 4452 1274 4523 est,
1306 4449 1474 4525 improbos
1508 4449 1743 4512 debellaturus.
1775 4450 1902 4510 Omnes

671 4566 821 4630 intendet
856 4567 957 4638 vires,
995 4567 1031 4623 ut
1066 4563 1190 4624 fratres
1228 4564 1315 4623 inter
1354 4578 1391 4623 se
1426 4563 1645 4624 colluctantes
1684 4563 1719 4623 in
1753 4563 1900 4638 gratiam

671 4680 870 4743 reconciliet.
892 4679 953 4754 Qui
974 4678 1090 4738 statim
1113 4710 1153 4721 —
1173 4681 1229 4737 sat
1247 4679 1311 4738 scit
1329 4711 1368 4720 -
1389 4692 1484 4737 armo
1501 4678 1606 4752 impia
1623 4680 1701 4737 sunt
1720 4677 1900 4751 abiecturi,

672 4797 701 4855 si
721 4809 763 4854 ex
781 4806 884 4853 saeva
903 4793 965 4851 hac
985 4792 1124 4852 vesania
1142 4791 1182 4850 ad
1201 4806 1237 4849 se
1256 4791 1431 4864 redierint;
1456 4805 1544 4850 nunc
1563 4791 1653 4850 enim
1671 4805 1753 4851 suae
1772 4791 1902 4851 mentis

672 4923 736 4968 non
767 4907 848 4966 sunt
875 4907 1056 4980 compotes.
1080 4903 1209 4962 Viridis
1238 4904 1402 4965 coloribus
1430 4904 1552 4978 pictam
1576 4903 1755 4976 imaginem
1780 4918 1900 4964 eorum

672 5022 776 5085 oculis
806 5022 926 5082 obiciet
956 5021 1098 5080 miserae
1129 5019 1276 5078 civitatis
1307 5019 1416 5078 iustas
1445 5018 1512 5077 iam
1547 5017 1742 5077 delictorum
1772 5031 1902 5091 poenas
