4375 6284
678 970 742 1031 338
1112 988 1155 1032 nr
1177 986 1285 1033 nsxru
1307 988 1460 1036 namuro.

719 1157 942 1233 Aptissimum
966 1159 1156 1235 exemplum
1180 1161 1314 1236 praebet
1335 1161 1424 1223 Plut.
1449 1163 1526 1223 887.
1550 1161 1611 1237 Qui
1633 1162 1727 1223 locus
1750 1161 1785 1222 in
1804 1161 1885 1222 Rsic

675 1273 727 1333 est·
748 1273 910 1334 traditus:

1207 1400 1278 1472 τοὺς
1301 1400 1450 1480 χρηστοὺς
1470 1402 1584 1478 μόνους

852 1511 972 1592 ἔγωγε
996 1511 1059 1572 καὶ
1083 1514 1385 1588 redecimatione
1408 1513 1473 1575 καὶ
1497 1516 1707 1595 σώφρονας

851 1623 962 1706 ἀπαρτὶ
985 1631 1155 1705 πλουτῆσαι
1176 1629 1304 1706 ποιήσω.

672 1739 857 1802 invest:

850 1853 972 1935 ἔγωγε
997 1855 1060 1916 καὶ
1085 1855 1178 1928 τοὺς
1201 1856 1361 1930 δεξιοὺς
1383 1855 1449 1916 καὶ
1471 1857 1564 1929 τοὺς
1587 1856 1815 1935 σώφρονας,

671 1970 705 2031 in
729 1969 946 2030 deterioribus
968 1975 1080 2033 autem
1105 1987 1223 2033 versus
1245 1972 1390 2047 speciem
1414 1973 1497 2034 haec
1518 1972 1715 2034 induerunt:

849 2081 967 2163 ἔγωγε
990 2083 1056 2144 καὶ
1079 2085 1172 2157 τοὺς
1195 2084 1355 2158 δεξιοὺς
1377 2083 1444 2144 κοιλ
1468 2085 1698 2165 σώφρονας,

669 2199 725 2274 qui
748 2213 866 2258 versus
884 2213 945 2259 suo
963 2199 1069 2274 pretio
1088 2199 1284 2260 etiamnunc
1302 2202 1417 2275 posset
1435 2201 1621 2276 aestimari,
1641 2200 1887 2276 etiamsiperiis·

669 2315 746 2374 sent
775 2313 803 2372 R
835 2314 869 2374 et
896 2311 942 2387 V;
967 2327 1045 2374 nam
1070 2312 1166 2385 δεξιός
1190 2329 1308 2389 pamm
1331 2315 1396 2375 huc
1417 2314 1558 2387 quadrat
1581 2315 1770 2391 epitheton,
1792 2327 1888 2387 neque

667 2426 741 2488 sine
766 2427 846 2487 vitio
867 2426 972 2487 semel
996 2427 1131 2502 ponitur
1152 2427 1328 2504 articulus,
1352 2427 1409 2501 qui
1432 2431 1492 2488 aut
1513 2427 1565 2489 bis
1583 2428 1792 2489 omittendus
1810 2430 1889 2488 erat:

668 2539 739 2611 τοὺς
768 2539 914 2618 χρηστοὺς
943 2539 994 2599 καλ
1026 2540 1144 2613 δεξιοὺς
1174 2539 1226 2600 καλ
1256 2541 1434 2620 σώφρονας,
1466 2543 1525 2602 aut
1554 2544 1607 2603 ter
1629 2544 1678 2612 (lit
1700 2541 1737 2601 in
1760 2541 1799 2612 V)
1820 2539 1888 2602 scri·

668 2653 805 2714 bendus.
837 2655 912 2715 Iure
941 2655 1043 2730 igilur
1074 2671 1209 2716 versum
1234 2656 1409 2716 damnavit
1429 2654 1596 2716 willems.
1620 2655 1697 2717 Una
1720 2670 1789 2717 vox
1810 2654 1889 2734 lyayr

668 2767 810 2828 locasse
840 2769 1018 2845 servanda,
1049 2784 1128 2830 nam
1160 2771 1310 2830 comicus
1339 2770 1423 2831 haec
1452 2770 1584 2830 videtur
1611 2771 1806 2845 scripsisse:
1828 2767 1889 2837 τοὺς

668 2881 814 2958 χρηστοὺς
836 2875 947 2961 ἔγωγ’
972 2880 977 2960 Ι
997 2880 1109 2962 ἀπαρτὶ
1133 2887 1301 2960 πλουτῆσαι
1318 2882 1446 2959 ποιῆσιο.

713 2995 800 3056 Olim
823 2996 927 3070 igitur
949 2997 1029 3057 fuit:

1093 3121 1148 3172 σούς
1164 3119 1275 3172 drenleve.
1292 3120 1346 3172 σούς
1362 3123 1486 3182 σώφρονος

1100 3189 1171 3260 τοὺς
1197 3189 1343 3268 χρηστοὺς
1367 3184 1474 3269 ἔγωγ’

843 3300 953 3381 ἀπαρτλ
976 3307 1145 3380 πλουτῆσαι
1167 3303 1294 3379 ποιήσω.

708 3418 821 3492 Neque
851 3418 910 3478 Av.
939 3419 1024 3478 1343
1048 3432 1120 3492 sqq.
1144 3420 1204 3477 aut
1226 3416 1345 3477 vitium
1369 3418 1423 3476 est
1443 3415 1579 3477 dubium
1604 3418 1662 3477 aut
1686 3419 1761 3479 vitii
1785 3431 1884 3480 causa

664 3531 728 3592 Ubi
750 3532 881 3593 invenis
902 3532 1036 3606 quidam
1060 3530 1263 3607 profligatus,
1288 3529 1344 3605 qui
1366 3528 1651 3591 Nubilocuculiam
1672 3533 1769 3608 visit,
1789 3533 1888 3593 laetus

665 3644 851 3706 exclamat:

841 3757 898 3819 οὐκ
920 3756 999 3817 ἔστιν
1023 3753 1115 3817 οὐδὲν
1138 3765 1192 3816 τοῦ
1215 3754 1361 3816 πέτεσθαι
1381 3756 1573 3835 γλυκύτερον·

840 3870 898 3949 ἐρῶ
921 3866 951 3931 δ’
977 3869 1034 3952 lyd
1057 3894 1084 3931 τι
1102 3866 1125 3942 ¹)
1148 3879 1208 3930 τῶν
1231 3867 1264 3930 ἐν
1287 3866 1406 3946 ’ὄρνισιν
1431 3869 1542 3947 νόμον.

842 3983 1039 4064 ὀρνιθομανῶ
1062 3983 1120 4065 γὰρ
1143 3982 1196 4044 καλ
1217 3981 1344 4060 πέκοριαι
1365 3981 1417 4044 καλ
1439 3984 1591 4062 βούλομαι

840 4100 934 4160 οἰκεῖν
956 4094 1023 4176 μεθ’
1048 4097 1135 4175 ὑμῶν
1157 4095 1208 4158 κοιλ
1231 4095 1373 4174 ἐπιθυμῶ
1395 4107 1456 4158 τῶν
1478 4098 1590 4175 νόμον.

706 4213 848 4276 Versum
871 4214 1055 4275 secundum
1078 4210 1147 4289 (ἐρῶ
1170 4245 1210 4254 -
1237 4211 1351 4288 νόμον)
1374 4212 1407 4271 in
1432 4226 1493 4272 suo
1516 4213 1701 4288 exemplari
1724 4229 1791 4275 non
1810 4211 1884 4286 legit
1966 4256 1967 4289 1

662 4329 843 4391 scholiasta
872 4327 910 4404 V,
942 4327 1000 4388 sed
1031 4326 1166 4388 aliunde
1196 4326 1367 4400 cognitum
1401 4325 1531 4400 habuit,
1562 4329 1616 4386 eet
1645 4331 1759 4388 autem
1789 4325 1885 4386 nimis

661 4443 782 4506 similis
804 4443 922 4518 quarto
945 4440 1050 4511 (οἰκεῖν
1074 4473 1116 4481 -
1138 4438 1263 4516 νόμον).
1284 4439 1461 4500 Praeterea
1478 4454 1545 4500 non
1563 4443 1648 4500 sana
1666 4445 1743 4516 apte
1760 4437 1885 4500 iuvenis

661 4557 762 4619 verba
791 4557 988 4628 cohaerent;
1019 4555 1220 4630 quapropter
1242 4567 1307 4613 non
1332 4553 1463 4613 videtur
1485 4553 1621 4614 dubium
1645 4553 1724 4628 quin
1747 4552 1814 4612 duo
1835 4549 1883 4610 tri·

660 4671 760 4732 metri
781 4669 1018 4730 additamentis
1040 4668 1248 4728 intermixtis
1269 4668 1302 4727 in
1325 4669 1395 4727 tres
1418 4667 1639 4742 excreverint,
1658 4669 1757 4743 poeta
1775 4668 1883 4726 autem

661 4785 741 4845 haec
764 4783 837 4844 sola
859 4784 1003 4845 dederit:

694 5079 711 5144 ¹)
729 5079 773 5129 sto
790 5082 812 5128 a
828 5083 855 5127 οι
873 5081 901 5138 v,
919 5079 964 5126 alli
984 5082 1063 5138 rm..
