<?xml version="1.0" encoding="UTF-8"?>
<!DOCTYPE html PUBLIC "-//W3C//DTD XHTML 1.0 Transitional//EN"
    "http://www.w3.org/TR/xhtml1/DTD/xhtml1-transitional.dtd">
<html xmlns="http://www.w3.org/1999/xhtml" xml:lang="en" lang="en">
 <head>
  <title>
</title>
<meta http-equiv="Content-Type" content="text/html;charset=utf-8" />
  <meta name='ocr-system' content='tesseract 3.04.00' />
  <meta name='ocr-capabilities' content='ocr_page ocr_carea ocr_par ocr_line ocrx_word'/>
</head>
<body>
  <div class='ocr_page' id='page_1' title='image "./prolegomenaadar02unkngoog/prolegomenaadar02unkngoog_0232.png"; bbox 0 0 4375 6284; ppageno 0'>
   <div class='ocr_carea' id='block_1_1' title="bbox 626 886 1332 980">
    <p class='ocr_par' dir='ltr' id='par_1_1' title="bbox 626 886 1332 980">
     <span class='ocr_line' id='line_1_1' title="bbox 626 886 1332 980; baseline 0.003 -36"><span class='ocrx_word' id='word_1_1' title='bbox 626 886 691 980; x_wconf 71' lang='grc'><strong>520</strong></span> <span class='ocrx_word' id='word_1_2' title='bbox 1139 900 1181 945; x_wconf 84' lang='lat' dir='ltr'><strong>na</strong></span> <span class='ocrx_word' id='word_1_3' title='bbox 1204 900 1332 946; x_wconf 73' lang='lat' dir='ltr'><strong>narnis.</strong></span> 
     </span>
    </p>
   </div>
   <div class='ocr_carea' id='block_1_2' title="bbox 624 1072 1929 1287">
    <p class='ocr_par' dir='ltr' id='par_1_2' title="bbox 624 1072 1929 1287">
     <span class='ocr_line' id='line_1_2' title="bbox 671 1072 1833 1155; baseline 0.005 -21"><span class='ocrx_word' id='word_1_4' title='bbox 671 1073 773 1150; x_wconf 82' lang='lat' dir='ltr'><strong>Quem</strong></span> <span class='ocrx_word' id='word_1_5' title='bbox 798 1088 957 1135; x_wconf 84' lang='lat' dir='ltr'><strong>versuum</strong></span> <span class='ocrx_word' id='word_1_6' title='bbox 976 1072 1106 1135; x_wconf 86' lang='lat' dir='ltr'><strong>exitum</strong></span> <span class='ocrx_word' id='word_1_7' title='bbox 1125 1074 1240 1136; x_wconf 86' lang='lat' dir='ltr'><strong>sedulo</strong></span> <span class='ocrx_word' id='word_1_8' title='bbox 1259 1074 1408 1136; x_wconf 76' lang='lat' dir='ltr'><strong>vitarunt</strong></span> <span class='ocrx_word' id='word_1_9' title='bbox 1420 1078 1538 1151; x_wconf 89' lang='lat' dir='ltr'><strong>poetae</strong></span> <span class='ocrx_word' id='word_1_10' title='bbox 1549 1076 1648 1152; x_wconf 91' lang='lat' dir='ltr'><strong>epici:</strong></span> <span class='ocrx_word' id='word_1_11' title='bbox 1668 1073 1833 1155; x_wconf 52' lang='lat' dir='ltr'><strong>lorum..</strong></span> 
     </span>
     <span class='ocr_line' id='line_1_3' title="bbox 624 1187 1929 1287; baseline 0.003 -39"><span class='ocrx_word' id='word_1_12' title='bbox 624 1202 702 1248; x_wconf 91' lang='lat' dir='ltr'><strong>eum</strong></span> <span class='ocrx_word' id='word_1_13' title='bbox 714 1187 954 1262; x_wconf 76' lang='lat' dir='ltr'>Aristophanes</span> <span class='ocrx_word' id='word_1_14' title='bbox 964 1187 999 1246; x_wconf 94' lang='lat' dir='ltr'><strong>in</strong></span> <span class='ocrx_word' id='word_1_15' title='bbox 1010 1189 1209 1261; x_wconf 74' lang='lat' dir='ltr'><strong>anapaestos</strong></span> <span class='ocrx_word' id='word_1_16' title='bbox 1221 1189 1436 1250; x_wconf 88' lang='lat' dir='ltr'><strong>tetrametros</strong></span> <span class='ocrx_word' id='word_1_17' title='bbox 1446 1190 1592 1267; x_wconf 76' lang='lat' dir='ltr'>admisit,</span> <span class='ocrx_word' id='word_1_18' title='bbox 1605 1206 1681 1252; x_wconf 91' lang='lat' dir='ltr'><strong>raro</strong></span> <span class='ocrx_word' id='word_1_19' title='bbox 1692 1192 1798 1251; x_wconf 88' lang='lat' dir='ltr'><strong>tamen</strong></span> <span class='ocrx_word' id='word_1_20' title='bbox 1810 1188 1836 1259; x_wconf 86' lang='lat'><strong>¹).</strong></span> <span class='ocrx_word' id='word_1_21' title='bbox 1928 1252 1929 1287; x_wconf 47' lang='lat'><strong>,</strong></span> 
     </span>
    </p>
   </div>
   <div class='ocr_carea' id='block_1_3' title="bbox 626 1412 1840 1719">
    <p class='ocr_par' dir='ltr' id='par_1_3' title="bbox 626 1412 1840 1719">
     <span class='ocr_line' id='line_1_4' title="bbox 670 1412 1838 1492; baseline 0.003 -19"><span class='ocrx_word' id='word_1_22' title='bbox 670 1412 716 1473; x_wconf 89' lang='lat' dir='ltr'><strong>Ut</strong></span> <span class='ocrx_word' id='word_1_23' title='bbox 746 1414 780 1474; x_wconf 93' lang='lat' dir='ltr'><strong>in</strong></span> <span class='ocrx_word' id='word_1_24' title='bbox 810 1416 920 1475; x_wconf 88' lang='lat' dir='ltr'><strong>metro</strong></span> <span class='ocrx_word' id='word_1_25' title='bbox 949 1414 1123 1491; x_wconf 86' lang='lat' dir='ltr'><strong>dactylico,</strong></span> <span class='ocrx_word' id='word_1_26' title='bbox 1154 1415 1202 1475; x_wconf 87' lang='lat' dir='ltr'><strong>sic</strong></span> <span class='ocrx_word' id='word_1_27' title='bbox 1232 1414 1266 1475; x_wconf 92' lang='lat' dir='ltr'><strong>in</strong></span> <span class='ocrx_word' id='word_1_28' title='bbox 1299 1417 1491 1491; x_wconf 76' lang='lat' dir='ltr'><strong>anapaestis</strong></span> <span class='ocrx_word' id='word_1_29' title='bbox 1521 1416 1610 1492; x_wconf 78' lang='lat' dir='ltr'><strong>longi</strong></span> <span class='ocrx_word' id='word_1_30' title='bbox 1639 1418 1711 1478; x_wconf 89' lang='lat' dir='ltr'><strong>soni</strong></span> <span class='ocrx_word' id='word_1_31' title='bbox 1734 1415 1838 1477; x_wconf 85' lang='lat' dir='ltr'><strong>finales</strong></span> 
     </span>
     <span class='ocr_line' id='line_1_5' title="bbox 626 1526 1840 1609; baseline 0 -22"><span class='ocrx_word' id='word_1_32' title='bbox 626 1527 702 1588; x_wconf 89' lang='lat' dir='ltr'><strong>ante</strong></span> <span class='ocrx_word' id='word_1_33' title='bbox 726 1526 874 1587; x_wconf 82' lang='lat' dir='ltr'><strong>vocalem</strong></span> <span class='ocrx_word' id='word_1_34' title='bbox 898 1543 958 1603; x_wconf 94' lang='lat' dir='ltr'><strong>pro</strong></span> <span class='ocrx_word' id='word_1_35' title='bbox 981 1528 1137 1589; x_wconf 86' lang='lat' dir='ltr'><strong>breuibus</strong></span> <span class='ocrx_word' id='word_1_36' title='bbox 1160 1528 1340 1590; x_wconf 83' lang='lat' dir='ltr'><strong>habentur:</strong></span> <span class='ocrx_word' id='word_1_37' title='bbox 1363 1526 1487 1607; x_wconf 71' lang='grc' dir='ltr'><strong><em>εὔχομαι</em></strong></span> <span class='ocrx_word' id='word_1_38' title='bbox 1510 1529 1546 1606; x_wconf 74' lang='grc' dir='ltr'><strong>ε),</strong></span> <span class='ocrx_word' id='word_1_39' title='bbox 1566 1530 1757 1609; x_wconf 67' lang='grc' dir='ltr'><strong><em>Θεμιστοκλεῖ</em></strong></span> <span class='ocrx_word' id='word_1_40' title='bbox 1769 1527 1840 1588; x_wconf 64' lang='grc' dir='ltr'><strong>ἀπε·</strong></span> 
     </span>
     <span class='ocr_line' id='line_1_6' title="bbox 626 1635 1372 1719; baseline 0.007 -20"><span class='ocrx_word' id='word_1_41' title='bbox 626 1641 764 1718; x_wconf 56' lang='lat' dir='ltr'><strong>prodiere,</strong></span> <span class='ocrx_word' id='word_1_42' title='bbox 786 1639 921 1719; x_wconf 60' lang='grc' dir='ltr'><strong>Χαιρέου</strong></span> <span class='ocrx_word' id='word_1_43' title='bbox 943 1643 1024 1717; x_wconf 78' lang='grc' dir='ltr'><strong>υἱός,</strong></span> <span class='ocrx_word' id='word_1_44' title='bbox 1046 1639 1219 1719; x_wconf 68' lang='grc' dir='ltr'><strong><em>Κλεισθένη</em></strong></span> <span class='ocrx_word' id='word_1_45' title='bbox 1242 1635 1325 1705; x_wconf 73' lang='grc' dir='ltr'><strong><em>εἶδον</em></strong></span> <span class='ocrx_word' id='word_1_46' title='bbox 1340 1638 1372 1714; x_wconf 76' lang='lat'><strong>²).</strong></span> 
     </span>
    </p>
   </div>
   <div class='ocr_carea' id='block_1_4' title="bbox 1062 1886 1414 1961">
    <p class='ocr_par' dir='ltr' id='par_1_4' title="bbox 1062 1886 1414 1961">
     <span class='ocr_line' id='line_1_7' title="bbox 1062 1886 1414 1961; baseline 0.003 -15"><span class='ocrx_word' id='word_1_47' title='bbox 1062 1889 1084 1961; x_wconf 67' lang='grc'><strong>5</strong></span> <span class='ocrx_word' id='word_1_48' title='bbox 1106 1886 1141 1946; x_wconf 89' lang='grc'><strong>5.</strong></span> <span class='ocrx_word' id='word_1_49' title='bbox 1164 1886 1219 1946; x_wconf 82' lang='lat' dir='ltr'><strong>De</strong></span> <span class='ocrx_word' id='word_1_50' title='bbox 1239 1886 1414 1959; x_wconf 83' lang='lat' dir='ltr'><strong>dactylis.</strong></span> 
     </span>
    </p>
   </div>
   <div class='ocr_carea' id='block_1_5' title="bbox 627 2078 1938 3419">
    <p class='ocr_par' dir='ltr' id='par_1_5' title="bbox 627 2078 1938 2618">
     <span class='ocr_line' id='line_1_8' title="bbox 671 2078 1938 2160; baseline 0.004 -22"><span class='ocrx_word' id='word_1_51' title='bbox 671 2078 882 2141; x_wconf 87' lang='lat' dir='ltr'><strong>Uberrimam</strong></span> <span class='ocrx_word' id='word_1_52' title='bbox 913 2081 1044 2143; x_wconf 91' lang='lat' dir='ltr'><strong>iocandi</strong></span> <span class='ocrx_word' id='word_1_53' title='bbox 1073 2082 1248 2146; x_wconf 78' lang='lat' dir='ltr'><strong>materiem</strong></span> <span class='ocrx_word' id='word_1_54' title='bbox 1275 2083 1431 2157; x_wconf 89' lang='lat' dir='ltr'><strong>quoniam</strong></span> <span class='ocrx_word' id='word_1_55' title='bbox 1455 2083 1591 2145; x_wconf 90' lang='lat' dir='ltr'><strong>comicis</strong></span> <span class='ocrx_word' id='word_1_56' title='bbox 1612 2082 1762 2160; x_wconf 86' lang='lat' dir='ltr'><strong>praebuit</strong></span> <span class='ocrx_word' id='word_1_57' title='bbox 1782 2098 1843 2143; x_wconf 90' lang='lat' dir='ltr'><strong>car·</strong></span> <span class='ocrx_word' id='word_1_58' title='bbox 1937 2078 1938 2087; x_wconf 77' lang='grc'>’</span> 
     </span>
     <span class='ocr_line' id='line_1_9' title="bbox 627 2192 1844 2276; baseline 0.007 -25"><span class='ocrx_word' id='word_1_59' title='bbox 627 2192 756 2252; x_wconf 90' lang='lat' dir='ltr'><strong>minum</strong></span> <span class='ocrx_word' id='word_1_60' title='bbox 787 2194 940 2268; x_wconf 77' lang='lat' dir='ltr'><strong>gravium</strong></span> <span class='ocrx_word' id='word_1_61' title='bbox 971 2195 1130 2273; x_wconf 82' lang='lat' dir='ltr'><strong>imitatio,</strong></span> <span class='ocrx_word' id='word_1_62' title='bbox 1162 2196 1264 2258; x_wconf 84' lang='lat' dir='ltr'><strong>etiam</strong></span> <span class='ocrx_word' id='word_1_63' title='bbox 1294 2212 1411 2259; x_wconf 87' lang='lat' dir='ltr'><strong>versus</strong></span> <span class='ocrx_word' id='word_1_64' title='bbox 1441 2198 1551 2276; x_wconf 81' lang='lat' dir='ltr'><strong>epicos</strong></span> <span class='ocrx_word' id='word_1_65' title='bbox 1581 2214 1679 2275; x_wconf 87' lang='lat' dir='ltr'><strong>saepe</strong></span> <span class='ocrx_word' id='word_1_66' title='bbox 1699 2199 1844 2261; x_wconf 87' lang='lat' dir='ltr'><strong>imitatus</strong></span> 
     </span>
     <span class='ocr_line' id='line_1_10' title="bbox 627 2291 1842 2390; baseline 0.006 -24"><span class='ocrx_word' id='word_1_67' title='bbox 627 2310 680 2367; x_wconf 88' lang='lat' dir='ltr'><strong>est</strong></span> <span class='ocrx_word' id='word_1_68' title='bbox 710 2307 961 2388; x_wconf 82' lang='lat' dir='ltr'><strong>Aristophanes,</strong></span> <span class='ocrx_word' id='word_1_69' title='bbox 991 2291 1043 2371; x_wconf 82' lang='lat' dir='ltr'><strong>ad&#39;</strong></span> <span class='ocrx_word' id='word_1_70' title='bbox 1062 2311 1239 2387; x_wconf 77' lang='lat' dir='ltr'><strong>sortilegos</strong></span> <span class='ocrx_word' id='word_1_71' title='bbox 1267 2312 1482 2387; x_wconf 85' lang='lat' dir='ltr'><strong>potissimum</strong></span> <span class='ocrx_word' id='word_1_72' title='bbox 1504 2313 1701 2390; x_wconf 83' lang='lat' dir='ltr'><strong>irridendos,</strong></span> <span class='ocrx_word' id='word_1_73' title='bbox 1725 2317 1758 2374; x_wconf 90' lang='lat' dir='ltr'><strong>et</strong></span> <span class='ocrx_word' id='word_1_74' title='bbox 1779 2316 1842 2373; x_wconf 87' lang='lat' dir='ltr'><strong>tarn</strong></span> 
     </span>
     <span class='ocr_line' id='line_1_11' title="bbox 627 2419 1843 2505; baseline 0.007 -25"><span class='ocrx_word' id='word_1_75' title='bbox 627 2419 767 2482; x_wconf 78' lang='lat' dir='ltr'><strong>feliciter</strong></span> <span class='ocrx_word' id='word_1_76' title='bbox 797 2428 849 2485; x_wconf 91' lang='lat' dir='ltr'><strong>est</strong></span> <span class='ocrx_word' id='word_1_77' title='bbox 878 2426 1031 2488; x_wconf 87' lang='lat' dir='ltr'><strong>imitatus</strong></span> <span class='ocrx_word' id='word_1_78' title='bbox 1059 2431 1097 2488; x_wconf 89' lang='lat' dir='ltr'><strong>ut</strong></span> <span class='ocrx_word' id='word_1_79' title='bbox 1119 2426 1304 2490; x_wconf 85' lang='lat' dir='ltr'><strong>luculenter</strong></span> <span class='ocrx_word' id='word_1_80' title='bbox 1326 2431 1484 2505; x_wconf 88' lang='lat' dir='ltr'><strong>appareat</strong></span> <span class='ocrx_word' id='word_1_81' title='bbox 1505 2430 1618 2505; x_wconf 90' lang='lat' dir='ltr'><strong>poesin</strong></span> <span class='ocrx_word' id='word_1_82' title='bbox 1642 2429 1843 2491; x_wconf 84' lang='lat' dir='ltr'><strong>Homericam</strong></span> 
     </span>
     <span class='ocr_line' id='line_1_12' title="bbox 627 2537 1509 2618; baseline 0.003 -17"><span class='ocrx_word' id='word_1_83' title='bbox 627 2542 662 2601; x_wconf 95' lang='lat' dir='ltr'><strong>in</strong></span> <span class='ocrx_word' id='word_1_84' title='bbox 686 2548 824 2601; x_wconf 78' lang='lat' dir='ltr'><strong>succum</strong></span> <span class='ocrx_word' id='word_1_85' title='bbox 848 2542 878 2601; x_wconf 90' lang='lat' dir='ltr'><strong>ei</strong></span> <span class='ocrx_word' id='word_1_86' title='bbox 901 2556 1019 2603; x_wconf 86' lang='lat' dir='ltr'><strong>revera</strong></span> <span class='ocrx_word' id='word_1_87' title='bbox 1040 2546 1074 2603; x_wconf 84' lang='lat' dir='ltr'><strong>et</strong></span> <span class='ocrx_word' id='word_1_88' title='bbox 1098 2542 1294 2618; x_wconf 79' lang='lat' dir='ltr'><strong>sanguinem</strong></span> <span class='ocrx_word' id='word_1_89' title='bbox 1319 2543 1460 2604; x_wconf 87' lang='lat' dir='ltr'><strong>vertisse</strong></span> <span class='ocrx_word' id='word_1_90' title='bbox 1475 2537 1509 2614; x_wconf 78' lang='lat'><strong>⁸).</strong></span> 
     </span>
    </p>

    <p class='ocr_par' dir='ltr' id='par_1_6' title="bbox 628 2656 1847 2963">
     <span class='ocr_line' id='line_1_13' title="bbox 672 2656 1847 2734; baseline -0.003 -13"><span class='ocrx_word' id='word_1_91' title='bbox 672 2659 907 2721; x_wconf 88' lang='lat' dir='ltr'><strong>Pentametros</strong></span> <span class='ocrx_word' id='word_1_92' title='bbox 937 2658 993 2731; x_wconf 85' lang='lat' dir='ltr'><strong>qui</strong></span> <span class='ocrx_word' id='word_1_93' title='bbox 1022 2658 1086 2718; x_wconf 91' lang='lat' dir='ltr'><strong>dici</strong></span> <span class='ocrx_word' id='word_1_94' title='bbox 1117 2656 1241 2734; x_wconf 87' lang='lat' dir='ltr'><strong>solent,</strong></span> <span class='ocrx_word' id='word_1_95' title='bbox 1269 2658 1416 2718; x_wconf 91' lang='lat' dir='ltr'><strong>comicus</strong></span> <span class='ocrx_word' id='word_1_96' title='bbox 1437 2657 1472 2718; x_wconf 91' lang='lat' dir='ltr'><strong>in</strong></span> <span class='ocrx_word' id='word_1_97' title='bbox 1495 2657 1616 2719; x_wconf 78' lang='lat' dir='ltr'><strong>fabulis</strong></span> <span class='ocrx_word' id='word_1_98' title='bbox 1638 2672 1722 2732; x_wconf 86' lang='lat' dir='ltr'><strong>quae</strong></span> <span class='ocrx_word' id='word_1_99' title='bbox 1744 2670 1847 2731; x_wconf 80' lang='lat' dir='ltr'><strong>supar-</strong></span> 
     </span>
     <span class='ocr_line' id='line_1_14' title="bbox 628 2767 1847 2848; baseline -0.002 -15"><span class='ocrx_word' id='word_1_100' title='bbox 628 2776 709 2834; x_wconf 88' lang='lat' dir='ltr'><strong>sunt</strong></span> <span class='ocrx_word' id='word_1_101' title='bbox 739 2771 849 2835; x_wconf 86' lang='lat' dir='ltr'><strong>nullos</strong></span> <span class='ocrx_word' id='word_1_102' title='bbox 879 2772 959 2833; x_wconf 88' lang='lat' dir='ltr'><strong>lecit</strong></span> <span class='ocrx_word' id='word_1_103' title='bbox 972 2767 1008 2848; x_wconf 63' lang='grc' dir='ltr'><strong>ι),</strong></span> <span class='ocrx_word' id='word_1_104' title='bbox 1039 2786 1138 2833; x_wconf 84' lang='lat' dir='ltr'><strong>veras</strong></span> <span class='ocrx_word' id='word_1_105' title='bbox 1166 2772 1382 2847; x_wconf 87' lang='lat' dir='ltr'><strong>pentapodias</strong></span> <span class='ocrx_word' id='word_1_106' title='bbox 1411 2770 1593 2846; x_wconf 84' lang='lat' dir='ltr'><strong>dactylicas</strong></span> <span class='ocrx_word' id='word_1_107' title='bbox 1616 2787 1738 2847; x_wconf 91' lang='lat' dir='ltr'><strong>paucas</strong></span> <span class='ocrx_word' id='word_1_108' title='bbox 1759 2785 1847 2846; x_wconf 86' lang='lat' dir='ltr'><strong>quas·</strong></span> 
     </span>
     <span class='ocr_line' id='line_1_15' title="bbox 629 2888 846 2963; baseline 0.009 -16"><span class='ocrx_word' id='word_1_109' title='bbox 629 2888 720 2963; x_wconf 90' lang='lat' dir='ltr'><strong>dam,</strong></span> <span class='ocrx_word' id='word_1_110' title='bbox 744 2904 773 2949; x_wconf 92' lang='lat' dir='ltr'><strong>e.</strong></span> <span class='ocrx_word' id='word_1_111' title='bbox 796 2904 846 2963; x_wconf 56' lang='lat' dir='ltr'><strong>a:</strong></span> 
     </span>
    </p>

    <p class='ocr_par' dir='ltr' id='par_1_7' title="bbox 873 2994 1599 3079">
     <span class='ocr_line' id='line_1_16' title="bbox 873 2994 1599 3079; baseline -0.004 -19"><span class='ocrx_word' id='word_1_112' title='bbox 873 2996 956 3077; x_wconf 78' lang='grc' dir='ltr'><strong>ὄμμα</strong></span> <span class='ocrx_word' id='word_1_113' title='bbox 978 2998 1035 3078; x_wconf 77' lang='grc' dir='ltr'><strong>γὰρ</strong></span> <span class='ocrx_word' id='word_1_114' title='bbox 1057 2996 1183 3078; x_wconf 74' lang='grc' dir='ltr'><strong><em>αἰθέρος</em></strong></span> <span class='ocrx_word' id='word_1_115' title='bbox 1206 2996 1363 3077; x_wconf 70' lang='grc' dir='ltr'><strong>ἀκάματον</strong></span> <span class='ocrx_word' id='word_1_116' title='bbox 1386 3003 1550 3079; x_wconf 75' lang='grc' dir='ltr'><strong><em>σελαγεῖται</em></strong></span> <span class='ocrx_word' id='word_1_117' title='bbox 1564 2994 1599 3071; x_wconf 93' lang='grc'><strong>5).</strong></span> 
     </span>
    </p>

    <p class='ocr_par' dir='ltr' id='par_1_8' title="bbox 629 3112 1850 3419">
     <span class='ocr_line' id='line_1_17' title="bbox 674 3112 1847 3188; baseline -0.002 -13"><span class='ocrx_word' id='word_1_118' title='bbox 674 3116 741 3177; x_wconf 86' lang='lat' dir='ltr'><strong>Nec</strong></span> <span class='ocrx_word' id='word_1_119' title='bbox 770 3130 836 3175; x_wconf 90' lang='lat' dir='ltr'><strong>non</strong></span> <span class='ocrx_word' id='word_1_120' title='bbox 866 3114 1070 3175; x_wconf 85' lang='lat' dir='ltr'><strong>brevioribus</strong></span> <span class='ocrx_word' id='word_1_121' title='bbox 1098 3114 1259 3176; x_wconf 87' lang='lat' dir='ltr'><strong>membris</strong></span> <span class='ocrx_word' id='word_1_122' title='bbox 1288 3114 1459 3188; x_wconf 76' lang='lat' dir='ltr'><strong>dactylicis</strong></span> <span class='ocrx_word' id='word_1_123' title='bbox 1480 3114 1589 3177; x_wconf 89' lang='lat' dir='ltr'><strong>locum</strong></span> <span class='ocrx_word' id='word_1_124' title='bbox 1613 3114 1704 3175; x_wconf 90' lang='lat' dir='ltr'><strong>dedit</strong></span> <span class='ocrx_word' id='word_1_125' title='bbox 1723 3112 1757 3173; x_wconf 92' lang='lat' dir='ltr'><strong>in</strong></span> <span class='ocrx_word' id='word_1_126' title='bbox 1780 3126 1847 3173; x_wconf 85' lang='lat' dir='ltr'><strong>can·</strong></span> 
     </span>
     <span class='ocr_line' id='line_1_18' title="bbox 629 3228 1850 3305; baseline -0.002 -16"><span class='ocrx_word' id='word_1_127' title='bbox 629 3230 719 3305; x_wconf 87' lang='lat' dir='ltr'><strong>ticis,</strong></span> <span class='ocrx_word' id='word_1_128' title='bbox 750 3244 848 3305; x_wconf 87' lang='lat' dir='ltr'><strong>saepe</strong></span> <span class='ocrx_word' id='word_1_129' title='bbox 878 3244 954 3291; x_wconf 91' lang='lat' dir='ltr'><strong>cum</strong></span> <span class='ocrx_word' id='word_1_130' title='bbox 978 3230 1142 3291; x_wconf 87' lang='lat' dir='ltr'><strong>trochaeis</strong></span> <span class='ocrx_word' id='word_1_131' title='bbox 1165 3228 1316 3303; x_wconf 84' lang='lat' dir='ltr'><strong>dactylos</strong></span> <span class='ocrx_word' id='word_1_132' title='bbox 1338 3229 1383 3290; x_wconf 89' lang='lat' dir='ltr'><strong>ibi</strong></span> <span class='ocrx_word' id='word_1_133' title='bbox 1405 3230 1546 3305; x_wconf 80' lang='lat' dir='ltr'><strong>iungens</strong></span> <span class='ocrx_word' id='word_1_134' title='bbox 1568 3244 1661 3290; x_wconf 87' lang='lat' dir='ltr'><strong>more</strong></span> <span class='ocrx_word' id='word_1_135' title='bbox 1682 3231 1850 3305; x_wconf 88' lang='lat' dir='ltr'><strong>poetarum</strong></span> 
     </span>
     <span class='ocr_line' id='line_1_19' title="bbox 630 3338 859 3419; baseline 0.009 -14"><span class='ocrx_word' id='word_1_136' title='bbox 630 3345 810 3419; x_wconf 85' lang='lat' dir='ltr'><strong>lyricorum</strong></span> <span class='ocrx_word' id='word_1_137' title='bbox 824 3338 859 3415; x_wconf 72' lang='lat'><strong>⁸).</strong></span> 
     </span>
    </p>
   </div>
   <div class='ocr_carea' id='block_1_6' title="bbox 1046 3502 1442 3579">
    <p class='ocr_par' dir='ltr' id='par_1_9' title="bbox 1046 3502 1442 3579">
     <span class='ocr_line' id='line_1_20' title="bbox 1046 3502 1442 3579; baseline 0 -16"><span class='ocrx_word' id='word_1_138' title='bbox 1046 3507 1068 3579; x_wconf 66' lang='grc' dir='ltr'>β</span> <span class='ocrx_word' id='word_1_139' title='bbox 1089 3503 1146 3565; x_wconf 88' lang='grc'><strong>10.</strong></span> <span class='ocrx_word' id='word_1_140' title='bbox 1167 3504 1223 3564; x_wconf 87' lang='lat' dir='ltr'><strong>De</strong></span> <span class='ocrx_word' id='word_1_141' title='bbox 1244 3502 1442 3564; x_wconf 84' lang='lat' dir='ltr'><strong>dochmiis.</strong></span> 
     </span>
    </p>
   </div>
   <div class='ocr_carea' id='block_1_7' title="bbox 629 3698 1855 3889">
    <p class='ocr_par' dir='ltr' id='par_1_10' title="bbox 629 3698 1855 3889">
     <span class='ocr_line' id='line_1_21' title="bbox 676 3698 1855 3777; baseline -0.002 -18"><span class='ocrx_word' id='word_1_142' title='bbox 676 3700 815 3761; x_wconf 84' lang='lat' dir='ltr'><strong>iletrum</strong></span> <span class='ocrx_word' id='word_1_143' title='bbox 839 3699 1067 3761; x_wconf 90' lang='lat' dir='ltr'><strong>dochmiacum</strong></span> <span class='ocrx_word' id='word_1_144' title='bbox 1092 3702 1261 3777; x_wconf 90' lang='lat' dir='ltr'><strong>proprium</strong></span> <span class='ocrx_word' id='word_1_145' title='bbox 1286 3703 1337 3761; x_wconf 81' lang='lat' dir='ltr'><strong>ert</strong></span> <span class='ocrx_word' id='word_1_146' title='bbox 1359 3700 1556 3776; x_wconf 78' lang='lat' dir='ltr'><strong>tragoediae,</strong></span> <span class='ocrx_word' id='word_1_147' title='bbox 1580 3700 1636 3761; x_wconf 87' lang='lat' dir='ltr'><strong>ubi</strong></span> <span class='ocrx_word' id='word_1_148' title='bbox 1659 3701 1692 3760; x_wconf 91' lang='lat' dir='ltr'><strong>in</strong></span> <span class='ocrx_word' id='word_1_149' title='bbox 1715 3698 1855 3762; x_wconf 89' lang='lat' dir='ltr'><strong>commis</strong></span> 
     </span>
     <span class='ocr_line' id='line_1_22' title="bbox 629 3812 1854 3889; baseline -0.001 -16"><span class='ocrx_word' id='word_1_150' title='bbox 629 3814 825 3889; x_wconf 84' lang='lat' dir='ltr'><strong>praesertim</strong></span> <span class='ocrx_word' id='word_1_151' title='bbox 844 3817 879 3875; x_wconf 91' lang='lat' dir='ltr'><strong>et</strong></span> <span class='ocrx_word' id='word_1_152' title='bbox 897 3815 930 3874; x_wconf 93' lang='lat' dir='ltr'><strong>in</strong></span> <span class='ocrx_word' id='word_1_153' title='bbox 950 3814 1116 3875; x_wconf 93' lang='lat' dir='ltr'><strong>monodiis</strong></span> <span class='ocrx_word' id='word_1_154' title='bbox 1138 3814 1248 3876; x_wconf 92' lang='lat' dir='ltr'><strong>locum</strong></span> <span class='ocrx_word' id='word_1_155' title='bbox 1269 3813 1379 3876; x_wconf 87' lang='lat' dir='ltr'><strong>habet.</strong></span> <span class='ocrx_word' id='word_1_156' title='bbox 1399 3814 1437 3874; x_wconf 91' lang='lat' dir='ltr'><strong>In</strong></span> <span class='ocrx_word' id='word_1_157' title='bbox 1456 3814 1625 3875; x_wconf 90' lang='lat' dir='ltr'><strong>comoedia</strong></span> <span class='ocrx_word' id='word_1_158' title='bbox 1643 3828 1709 3875; x_wconf 92' lang='lat' dir='ltr'><strong>non</strong></span> <span class='ocrx_word' id='word_1_159' title='bbox 1726 3812 1854 3874; x_wconf 76' lang='lat' dir='ltr'><strong>adhibe</strong></span> 
     </span>
    </p>
   </div>
   <div class='ocr_carea' id='block_1_8' title="bbox 629 4017 1863 5044">
    <p class='ocr_par' dir='ltr' id='par_1_11' title="bbox 629 4017 1857 4322">
     <span class='ocr_line' id='line_1_23' title="bbox 665 4017 1857 4083; baseline 0 -15"><span class='ocrx_word' id='word_1_160' title='bbox 665 4017 686 4080; x_wconf 92' lang='lat'><strong>¹)</strong></span> <span class='ocrx_word' id='word_1_161' title='bbox 702 4022 750 4080; x_wconf 81' lang='lat' dir='ltr'><strong>ltq.</strong></span> <span class='ocrx_word' id='word_1_162' title='bbox 768 4023 827 4083; x_wconf 86' lang='grc'><strong>510,</strong></span> <span class='ocrx_word' id='word_1_163' title='bbox 846 4022 903 4080; x_wconf 78' lang='grc'><strong>555,</strong></span> <span class='ocrx_word' id='word_1_164' title='bbox 919 4023 967 4069; x_wconf 81' lang='lat' dir='ltr'><strong>’iss</strong></span> <span class='ocrx_word' id='word_1_165' title='bbox 985 4022 1051 4070; x_wconf 78' lang='lat' dir='ltr'><strong>Nnb.</strong></span> <span class='ocrx_word' id='word_1_166' title='bbox 1071 4022 1130 4079; x_wconf 88' lang='grc'><strong>551,</strong></span> <span class='ocrx_word' id='word_1_167' title='bbox 1146 4023 1194 4069; x_wconf 87' lang='grc'><strong>555</strong></span> <span class='ocrx_word' id='word_1_168' title='bbox 1206 4023 1283 4082; x_wconf 83' lang='lat' dir='ltr'><strong>Vesp.</strong></span> <span class='ocrx_word' id='word_1_169' title='bbox 1302 4024 1360 4075; x_wconf 87' lang='grc'><strong>555.</strong></span> <span class='ocrx_word' id='word_1_170' title='bbox 1378 4023 1438 4079; x_wconf 91' lang='grc'><strong>555,</strong></span> <span class='ocrx_word' id='word_1_171' title='bbox 1455 4022 1504 4069; x_wconf 90' lang='grc'><strong>555</strong></span> <span class='ocrx_word' id='word_1_172' title='bbox 1521 4034 1570 4081; x_wconf 75' lang='lat' dir='ltr'><strong>sq„</strong></span> <span class='ocrx_word' id='word_1_173' title='bbox 1588 4022 1652 4069; x_wconf 78' lang='grc'><strong>1555</strong></span> <span class='ocrx_word' id='word_1_174' title='bbox 1668 4023 1714 4069; x_wconf 77' lang='lat' dir='ltr'><strong>Ar.</strong></span> <span class='ocrx_word' id='word_1_175' title='bbox 1730 4023 1791 4077; x_wconf 89' lang='grc'><strong>515,</strong></span> <span class='ocrx_word' id='word_1_176' title='bbox 1800 4021 1857 4074; x_wconf 84' lang='grc'><strong>555,</strong></span> 
     </span>
     <span class='ocr_line' id='line_1_24' title="bbox 630 4099 1856 4161; baseline -0.003 -12"><span class='ocrx_word' id='word_1_177' title='bbox 630 4102 689 4161; x_wconf 80' lang='grc'><strong>555,</strong></span> <span class='ocrx_word' id='word_1_178' title='bbox 712 4103 770 4161; x_wconf 93' lang='grc'><strong>555,</strong></span> <span class='ocrx_word' id='word_1_179' title='bbox 794 4102 844 4149; x_wconf 87' lang='grc'><strong>555</strong></span> <span class='ocrx_word' id='word_1_180' title='bbox 867 4102 927 4161; x_wconf 74' lang='lat' dir='ltr'><strong>Lyn.</strong></span> <span class='ocrx_word' id='word_1_181' title='bbox 951 4103 1001 4149; x_wconf 88' lang='grc'><strong>555</strong></span> <span class='ocrx_word' id='word_1_182' title='bbox 1024 4102 1130 4149; x_wconf 70' lang='lat' dir='ltr'><strong>Thesm.</strong></span> <span class='ocrx_word' id='word_1_183' title='bbox 1154 4103 1203 4149; x_wconf 90' lang='grc'><strong>555</strong></span> <span class='ocrx_word' id='word_1_184' title='bbox 1220 4104 1284 4149; x_wconf 70' lang='lat' dir='ltr'><strong>Bon.</strong></span> <span class='ocrx_word' id='word_1_185' title='bbox 1301 4104 1359 4159; x_wconf 90' lang='grc'><strong>555,</strong></span> <span class='ocrx_word' id='word_1_186' title='bbox 1376 4103 1435 4159; x_wconf 82' lang='lat' dir='ltr'><strong>llll,</strong></span> <span class='ocrx_word' id='word_1_187' title='bbox 1454 4102 1611 4158; x_wconf 66' lang='grc'><strong>15551557</strong></span> <span class='ocrx_word' id='word_1_188' title='bbox 1630 4099 1856 4161; x_wconf 75' lang='grc'><strong>15551.555,555;</strong></span> 
     </span>
     <span class='ocr_line' id='line_1_25' title="bbox 629 4176 1857 4243; baseline -0.001 -17"><span class='ocrx_word' id='word_1_189' title='bbox 629 4178 693 4227; x_wconf 78' lang='lat' dir='ltr'><strong>item</strong></span> <span class='ocrx_word' id='word_1_190' title='bbox 711 4182 807 4228; x_wconf 78' lang='lat' dir='ltr'><strong>Gratia.</strong></span> <span class='ocrx_word' id='word_1_191' title='bbox 825 4182 857 4227; x_wconf 81' lang='lat' dir='ltr'><strong>ir.</strong></span> <span class='ocrx_word' id='word_1_192' title='bbox 876 4183 923 4229; x_wconf 78' lang='grc'><strong>115</strong></span> <span class='ocrx_word' id='word_1_193' title='bbox 940 4181 1090 4231; x_wconf 74' lang='lat' dir='ltr'><strong>Pherecrat</strong></span> <span class='ocrx_word' id='word_1_194' title='bbox 1108 4180 1180 4230; x_wconf 76' lang='lat'>1³0¹⁰</span> <span class='ocrx_word' id='word_1_195' title='bbox 1196 4184 1320 4231; x_wconf 77' lang='lat' dir='ltr'><strong>Tslcclid.</strong></span> <span class='ocrx_word' id='word_1_196' title='bbox 1338 4186 1369 4231; x_wconf 84' lang='grc'><strong>45</strong></span> <span class='ocrx_word' id='word_1_197' title='bbox 1387 4184 1522 4243; x_wconf 80' lang='lat' dir='ltr'><strong>Hermipp.</strong></span> <span class='ocrx_word' id='word_1_198' title='bbox 1541 4176 1584 4229; x_wconf 74' lang='lat'><strong>45³</strong></span> <span class='ocrx_word' id='word_1_199' title='bbox 1599 4181 1710 4227; x_wconf 77' lang='lat' dir='ltr'><strong>Ariston.</strong></span> <span class='ocrx_word' id='word_1_200' title='bbox 1724 4182 1749 4235; x_wconf 86' lang='grc'><strong>5,</strong></span> <span class='ocrx_word' id='word_1_201' title='bbox 1764 4182 1780 4227; x_wconf 89' lang='grc'><strong>5</strong></span> <span class='ocrx_word' id='word_1_202' title='bbox 1795 4178 1857 4239; x_wconf 79' lang='lat' dir='ltr'><strong>(bis)</strong></span> 
     </span>
     <span class='ocr_line' id='line_1_26' title="bbox 630 4260 1781 4322; baseline -0.002 -15"><span class='ocrx_word' id='word_1_203' title='bbox 630 4260 725 4319; x_wconf 63' lang='lat' dir='ltr'><strong>lictor.</strong></span> <span class='ocrx_word' id='word_1_204' title='bbox 743 4262 758 4307; x_wconf 88' lang='grc'><strong>5</strong></span> <span class='ocrx_word' id='word_1_205' title='bbox 775 4262 887 4320; x_wconf 74' lang='lat' dir='ltr'><strong>Aristag.</strong></span> <span class='ocrx_word' id='word_1_206' title='bbox 906 4264 928 4307; x_wconf 91' lang='lat' dir='ltr'><strong>l.</strong></span> <span class='ocrx_word' id='word_1_207' title='bbox 946 4261 1068 4322; x_wconf 84' lang='lat' dir='ltr'><strong>(lorrnpti</strong></span> <span class='ocrx_word' id='word_1_208' title='bbox 1085 4267 1149 4310; x_wconf 84' lang='lat' dir='ltr'><strong>sunt</strong></span> <span class='ocrx_word' id='word_1_209' title='bbox 1165 4263 1269 4311; x_wconf 73' lang='lat' dir='ltr'><strong>Thesm.</strong></span> <span class='ocrx_word' id='word_1_210' title='bbox 1288 4265 1337 4311; x_wconf 89' lang='grc'><strong>555</strong></span> <span class='ocrx_word' id='word_1_211' title='bbox 1353 4263 1423 4311; x_wconf 82' lang='lat' dir='ltr'><strong>ldecl.</strong></span> <span class='ocrx_word' id='word_1_212' title='bbox 1442 4264 1499 4310; x_wconf 76' lang='grc'><strong>551.</strong></span> <span class='ocrx_word' id='word_1_213' title='bbox 1515 4264 1555 4310; x_wconf 80' lang='lat' dir='ltr'><strong>cl.</strong></span> <span class='ocrx_word' id='word_1_214' title='bbox 1573 4264 1653 4309; x_wconf 76' lang='lat' dir='ltr'><strong>stiam</strong></span> <span class='ocrx_word' id='word_1_215' title='bbox 1671 4261 1703 4307; x_wconf 89' lang='lat' dir='ltr'><strong>lr.</strong></span> <span class='ocrx_word' id='word_1_216' title='bbox 1721 4262 1781 4309; x_wconf 85' lang='grc'><strong>555.</strong></span> 
     </span>
    </p>

    <p class='ocr_par' dir='ltr' id='par_1_12' title="bbox 664 4336 1860 4403">
     <span class='ocr_line' id='line_1_27' title="bbox 664 4336 1860 4403; baseline 0 -16"><span class='ocrx_word' id='word_1_217' title='bbox 664 4336 686 4399; x_wconf 85' lang='lat'><strong>⁷)</strong></span> <span class='ocrx_word' id='word_1_218' title='bbox 703 4341 789 4388; x_wconf 75' lang='lat' dir='ltr'><strong>Etiam</strong></span> <span class='ocrx_word' id='word_1_219' title='bbox 803 4342 831 4387; x_wconf 89' lang='lat' dir='ltr'><strong>in</strong></span> <span class='ocrx_word' id='word_1_220' title='bbox 847 4341 927 4389; x_wconf 72' lang='grc' dir='ltr'><strong><em>ιὀείω</em></strong></span> <span class='ocrx_word' id='word_1_221' title='bbox 943 4346 1026 4389; x_wconf 84' lang='lat' dir='ltr'><strong>metro</strong></span> <span class='ocrx_word' id='word_1_222' title='bbox 1041 4344 1113 4402; x_wconf 79' lang='lat' dir='ltr'><strong>apud</strong></span> <span class='ocrx_word' id='word_1_223' title='bbox 1130 4345 1259 4391; x_wconf 84' lang='lat' dir='ltr'><strong>comicum</strong></span> <span class='ocrx_word' id='word_1_224' title='bbox 1278 4338 1860 4403; x_wconf 63' lang='grc' dir='ltr'><strong>νεαρ.551,551,υ551511115ερ551ηςὶωι</strong></span> 
     </span>
    </p>

    <p class='ocr_par' dir='ltr' id='par_1_13' title="bbox 631 4416 1860 4559">
     <span class='ocr_line' id='line_1_28' title="bbox 663 4416 1858 4481; baseline -0.001 -15"><span class='ocrx_word' id='word_1_225' title='bbox 663 4416 742 4480; x_wconf 79' lang='lat' dir='ltr'><strong>³)0i</strong></span> <span class='ocrx_word' id='word_1_226' title='bbox 774 4421 822 4478; x_wconf 82' lang='lat' dir='ltr'><strong>llq.</strong></span> <span class='ocrx_word' id='word_1_227' title='bbox 855 4422 998 4481; x_wconf 83' lang='grc'><strong>155-551,</strong></span> <span class='ocrx_word' id='word_1_228' title='bbox 1030 4424 1198 4470; x_wconf 85' lang='grc'><strong>1515-1555</strong></span> <span class='ocrx_word' id='word_1_229' title='bbox 1229 4422 1289 4469; x_wconf 77' lang='lat' dir='ltr'><strong>Pae.</strong></span> <span class='ocrx_word' id='word_1_230' title='bbox 1317 4424 1459 4480; x_wconf 87' lang='grc'><strong>155-155,</strong></span> <span class='ocrx_word' id='word_1_231' title='bbox 1487 4424 1663 4477; x_wconf 75' lang='lat' dir='ltr'><strong>losa-1114,</strong></span> <span class='ocrx_word' id='word_1_232' title='bbox 1691 4419 1858 4467; x_wconf 82' lang='grc'><strong>1555-1551</strong></span> 
     </span>
     <span class='ocr_line' id='line_1_29' title="bbox 631 4498 1860 4559; baseline -0.004 -12"><span class='ocrx_word' id='word_1_233' title='bbox 631 4501 676 4547; x_wconf 78' lang='lat' dir='ltr'><strong>Ar.</strong></span> <span class='ocrx_word' id='word_1_234' title='bbox 693 4501 827 4548; x_wconf 82' lang='grc'><strong>555-555</strong></span> <span class='ocrx_word' id='word_1_235' title='bbox 844 4501 905 4559; x_wconf 71' lang='lat' dir='ltr'><strong>Lyn.</strong></span> <span class='ocrx_word' id='word_1_236' title='bbox 923 4502 1057 4549; x_wconf 76' lang='lat' dir='ltr'><strong>&#39;tto-its</strong></span> <span class='ocrx_word' id='word_1_237' title='bbox 1074 4502 1138 4549; x_wconf 80' lang='lat' dir='ltr'><strong>Bau.</strong></span> <span class='ocrx_word' id='word_1_238' title='bbox 1157 4504 1301 4558; x_wconf 78' lang='grc'><strong>515-555,</strong></span> <span class='ocrx_word' id='word_1_239' title='bbox 1318 4504 1461 4559; x_wconf 72' lang='lat' dir='ltr'><strong>Bit-8⁷8,</strong></span> <span class='ocrx_word' id='word_1_240' title='bbox 1480 4502 1647 4550; x_wconf 85' lang='grc'><strong>1555-1555</strong></span> <span class='ocrx_word' id='word_1_241' title='bbox 1663 4502 1694 4547; x_wconf 80' lang='lat' dir='ltr'><strong>tr.</strong></span> <span class='ocrx_word' id='word_1_242' title='bbox 1709 4502 1734 4555; x_wconf 91' lang='grc'><strong>5,</strong></span> <span class='ocrx_word' id='word_1_243' title='bbox 1749 4501 1795 4553; x_wconf 87' lang='grc'><strong>55,</strong></span> <span class='ocrx_word' id='word_1_244' title='bbox 1804 4498 1860 4545; x_wconf 74' lang='lat' dir='ltr'><strong>ait.</strong></span> 
     </span>
    </p>

    <p class='ocr_par' dir='ltr' id='par_1_14' title="bbox 630 4578 1863 4869">
     <span class='ocr_line' id='line_1_30' title="bbox 664 4578 1863 4643; baseline -0.003 -16"><span class='ocrx_word' id='word_1_245' title='bbox 664 4578 685 4635; x_wconf 74' lang='grc'><strong>4)</strong></span> <span class='ocrx_word' id='word_1_246' title='bbox 701 4581 786 4627; x_wconf 70' lang='lat' dir='ltr'><strong>Alieni</strong></span> <span class='ocrx_word' id='word_1_247' title='bbox 809 4581 870 4628; x_wconf 83' lang='lat' dir='ltr'><strong>hino</strong></span> <span class='ocrx_word' id='word_1_248' title='bbox 897 4584 960 4628; x_wconf 85' lang='lat' dir='ltr'><strong>snnt</strong></span> <span class='ocrx_word' id='word_1_249' title='bbox 983 4581 1051 4628; x_wconf 78' lang='lat' dir='ltr'><strong>Nnb.</strong></span> <span class='ocrx_word' id='word_1_250' title='bbox 1075 4583 1141 4629; x_wconf 88' lang='grc'><strong>1155</strong></span> <span class='ocrx_word' id='word_1_251' title='bbox 1164 4594 1216 4641; x_wconf 83' lang='lat' dir='ltr'><strong>rq.;</strong></span> <span class='ocrx_word' id='word_1_252' title='bbox 1240 4582 1288 4629; x_wconf 88' lang='lat' dir='ltr'><strong>sed</strong></span> <span class='ocrx_word' id='word_1_253' title='bbox 1312 4582 1396 4643; x_wconf 73' lang='lat' dir='ltr'><strong>potnit</strong></span> <span class='ocrx_word' id='word_1_254' title='bbox 1422 4580 1609 4642; x_wconf 75' lang='lat' dir='ltr'><strong>Aristophanes</strong></span> <span class='ocrx_word' id='word_1_255' title='bbox 1634 4580 1674 4641; x_wconf 84' lang='lat' dir='ltr'><strong>(ut</strong></span> <span class='ocrx_word' id='word_1_256' title='bbox 1699 4578 1863 4640; x_wconf 70' lang='lat' dir='ltr'><strong>Antiphane·</strong></span> 
     </span>
     <span class='ocr_line' id='line_1_31' title="bbox 631 4657 1862 4721; baseline -0.003 -14"><span class='ocrx_word' id='word_1_257' title='bbox 631 4661 662 4707; x_wconf 87' lang='lat' dir='ltr'><strong>lr.</strong></span> <span class='ocrx_word' id='word_1_258' title='bbox 682 4661 742 4718; x_wconf 80' lang='lat' dir='ltr'><strong>us)</strong></span> <span class='ocrx_word' id='word_1_259' title='bbox 761 4657 874 4708; x_wconf 76' lang='lat' dir='ltr'><strong>disticha</strong></span> <span class='ocrx_word' id='word_1_260' title='bbox 892 4662 1010 4721; x_wconf 72' lang='lat' dir='ltr'><strong>elegiaca</strong></span> <span class='ocrx_word' id='word_1_261' title='bbox 1023 4660 1123 4720; x_wconf 76' lang='lat' dir='ltr'><strong>fingere</strong></span> <span class='ocrx_word' id='word_1_262' title='bbox 1138 4662 1164 4709; x_wconf 88' lang='lat' dir='ltr'><strong>in</strong></span> <span class='ocrx_word' id='word_1_263' title='bbox 1179 4662 1303 4709; x_wconf 77' lang='lat' dir='ltr'><strong>dramatis</strong></span> <span class='ocrx_word' id='word_1_264' title='bbox 1317 4660 1470 4720; x_wconf 81' lang='lat' dir='ltr'><strong>deperditis,</strong></span> <span class='ocrx_word' id='word_1_265' title='bbox 1479 4662 1594 4721; x_wconf 61' lang='lat' dir='ltr'><strong>magicos</strong></span> <span class='ocrx_word' id='word_1_266' title='bbox 1603 4660 1862 4719; x_wconf 53' lang='lat' dir='ltr'><strong>interamnanam</strong></span> 
     </span>
     <span class='ocr_line' id='line_1_32' title="bbox 630 4738 1862 4805; baseline 0 -18"><span class='ocrx_word' id='word_1_267' title='bbox 630 4740 769 4799; x_wconf 82' lang='lat' dir='ltr'><strong>Euripides</strong></span> <span class='ocrx_word' id='word_1_268' title='bbox 786 4742 916 4789; x_wconf 83' lang='lat' dir='ltr'><strong>eiusmodi</strong></span> <span class='ocrx_word' id='word_1_269' title='bbox 929 4741 1048 4789; x_wconf 78' lang='lat' dir='ltr'><strong>versibns</strong></span> <span class='ocrx_word' id='word_1_270' title='bbox 1061 4754 1126 4788; x_wconf 79' lang='lat' dir='ltr'><strong>nans</strong></span> <span class='ocrx_word' id='word_1_271' title='bbox 1138 4745 1179 4788; x_wconf 87' lang='lat' dir='ltr'><strong>ert</strong></span> <span class='ocrx_word' id='word_1_272' title='bbox 1195 4742 1316 4789; x_wconf 76' lang='lat' dir='ltr'><strong>Androm.</strong></span> <span class='ocrx_word' id='word_1_273' title='bbox 1332 4743 1475 4789; x_wconf 81' lang='lat' dir='ltr'><strong>ros-lta.</strong></span> <span class='ocrx_word' id='word_1_274' title='bbox 1493 4740 1699 4805; x_wconf 73' lang='lat' dir='ltr'><strong>Afferlsrantern</strong></span> <span class='ocrx_word' id='word_1_275' title='bbox 1710 4738 1862 4788; x_wconf 77' lang='lat' dir='ltr'><strong>Archilochi</strong></span> 
     </span>
     <span class='ocr_line' id='line_1_33' title="bbox 631 4818 931 4869; baseline -0.003 -1"><span class='ocrx_word' id='word_1_276' title='bbox 631 4818 762 4869; x_wconf 70' lang='lat' dir='ltr'><strong>disfiohm</strong></span> <span class='ocrx_word' id='word_1_277' title='bbox 779 4822 839 4867; x_wconf 71' lang='lat' dir='ltr'><strong>Pto.</strong></span> <span class='ocrx_word' id='word_1_278' title='bbox 858 4822 931 4869; x_wconf 85' lang='grc'><strong>1555.</strong></span> 
     </span>
    </p>

    <p class='ocr_par' dir='ltr' id='par_1_15' title="bbox 663 4896 1409 4964">
     <span class='ocr_line' id='line_1_34' title="bbox 663 4896 1409 4964; baseline 0 -15"><span class='ocrx_word' id='word_1_279' title='bbox 663 4896 686 4964; x_wconf 80' lang='grc'><strong>5)</strong></span> <span class='ocrx_word' id='word_1_280' title='bbox 703 4900 770 4948; x_wconf 78' lang='lat' dir='ltr'><strong>Nnb.</strong></span> <span class='ocrx_word' id='word_1_281' title='bbox 789 4901 947 4948; x_wconf 73' lang='lat'><strong>286=800.</strong></span> <span class='ocrx_word' id='word_1_282' title='bbox 964 4900 1004 4949; x_wconf 88' lang='grc'><strong>01,</strong></span> <span class='ocrx_word' id='word_1_283' title='bbox 1019 4902 1099 4947; x_wconf 76' lang='lat' dir='ltr'><strong>etism</strong></span> <span class='ocrx_word' id='word_1_284' title='bbox 1116 4900 1183 4947; x_wconf 76' lang='lat' dir='ltr'><strong>linb.</strong></span> <span class='ocrx_word' id='word_1_285' title='bbox 1202 4900 1251 4947; x_wconf 82' lang='grc'><strong>555</strong></span> <span class='ocrx_word' id='word_1_286' title='bbox 1269 4896 1332 4946; x_wconf 75' lang='lat' dir='ltr'><strong>Ran.</strong></span> <span class='ocrx_word' id='word_1_287' title='bbox 1351 4900 1409 4949; x_wconf 88' lang='grc'><strong>515.</strong></span> 
     </span>
    </p>

    <p class='ocr_par' dir='ltr' id='par_1_16' title="bbox 664 4976 941 5044">
     <span class='ocr_line' id='line_1_35' title="bbox 664 4976 941 5044; baseline -0.004 -16"><span class='ocrx_word' id='word_1_288' title='bbox 664 4976 687 5044; x_wconf 80' lang='lat'><strong>⁸)</strong></span> <span class='ocrx_word' id='word_1_289' title='bbox 704 4979 744 5028; x_wconf 85' lang='grc'><strong>01.</strong></span> <span class='ocrx_word' id='word_1_290' title='bbox 762 4992 822 5039; x_wconf 71' lang='lat' dir='ltr'><strong>pag.</strong></span> <span class='ocrx_word' id='word_1_291' title='bbox 840 4980 898 5036; x_wconf 89' lang='grc'><strong>515,</strong></span> <span class='ocrx_word' id='word_1_292' title='bbox 917 4981 941 5027; x_wconf 88' lang='grc'><strong>5.</strong></span> 
     </span>
    </p>
   </div>
   <div class='ocr_carea' id='block_1_9' title="bbox 0 0 2202 6276">
    <p class='ocr_par' dir='ltr' id='par_1_17' title="bbox 0 0 2202 6276">
     <span class='ocr_line' id='line_1_36' title="bbox 0 0 2202 6276; baseline 0 0"><span class='ocrx_word' id='word_1_293' title='bbox 0 0 2202 6276; x_wconf 95' lang='lat' dir='ltr'><strong> </strong></span> 
     </span>
    </p>
   </div>
  </div>
 </body>
</html>
