4375 6284
649 949 692 1008 46
1167 967 1210 1012 on
1232 967 1358 1012 rossan

648 1133 904 1196 criminantibus
934 1137 1132 1212 obloquendi
1161 1139 1195 1199 in
1224 1139 1297 1201 eius
1327 1143 1459 1214 pectore
1483 1140 1655 1204 deferbuit.
1678 1143 1772 1204 ltuaa
1793 1147 1864 1203 tuno

647 1251 742 1310 nocte
766 1250 878 1324 quieta
901 1251 1003 1311 haece
1025 1253 1196 1313 inaurem
1219 1254 1250 1314 ei
1270 1253 1512 1314 insusurravit:
1535 1255 1627 1330 ,Ista
1644 1256 1770 1332 fabula,
1790 1271 1863 1330 quae

651 1364 843 1439 ,tantopere
866 1363 992 1438 placuit
1013 1365 1081 1426 tuis
1105 1367 1237 1441 amicis,
1261 1366 1450 1428 humiliorIs
1472 1371 1544 1428 erat
1563 1369 1645 1429 artis
1663 1384 1764 1443 quam
1782 1370 1864 1430 tuere

650 1475 807 1548 ,priores
850 1475 1058 1539 clamitando
1099 1482 1158 1540 ant
1198 1481 1415 1541 conviciando
1456 1481 1512 1554 qui
1553 1481 1737 1543 isiciarium
1778 1485 1864 1544 tuum

652 1593 803 1664 ,aequet
836 1592 948 1652 nullus
978 1593 1121 1655 fortasse
1144 1595 1244 1655 homo
1268 1594 1411 1656 Athenis
1434 1598 1544 1670 extat;
1573 1597 1631 1656 sed
1657 1597 1724 1657 mei
1748 1597 1864 1657 alumni
1952 1676 1953 1685 ἵ

651 1723 735 1786 ,non
766 1712 839 1771 erat
869 1709 1052 1784 iurgiorum
1086 1708 1277 1769 istiusmodi
1307 1709 1390 1769 inire
1412 1711 1613 1786 certamina,
1637 1725 1722 1785 quae
1747 1710 1865 1772 victori·

652 1825 732 1899 ,bus
762 1839 861 1898 quam
893 1822 992 1883 victis
1023 1822 1134 1883 maius
1164 1821 1308 1882 afferunt
1336 1822 1490 1883 dedecus.
1520 1823 1592 1883 Non
1624 1827 1661 1883 ut
1691 1825 1776 1885 rixis
1797 1823 1864 1885 civi·

651 1937 759 2012 ,libus
798 1937 867 1998 tela
903 1936 1176 1997 subministrares
1205 1938 1239 1996 te
1274 1937 1407 2011 vocavi,
1445 1936 1503 1997 sed
1537 1939 1575 1997 ut
1608 1940 1716 1997 artem
1749 1935 1866 1998 cratini

650 2052 738 2127 ,alte
762 2051 921 2112 evelleres
944 2063 1046 2124 supra
1067 2049 1156 2109 vitae
1179 2049 1388 2124 quotidianae
1410 2051 1527 2111 sordes
1549 2052 1584 2110 et
1605 2052 1815 2112 aerumnas.’'
1953 2024 1954 2059 ⁴

1217 2325 1306 2388 VIII.

693 2508 804 2582 Neque
827 2506 979 2582 proximo
1001 2509 1151 2579 tempore
1163 2504 1377 2579 Aristophani
1396 2505 1497 2565 nimis
1515 2504 1647 2567 difficile
1666 2521 1741 2568 esse
1758 2507 1869 2582 potuit,

650 2621 835 2697 apartium
867 2617 1133 2681 contentionibus
1159 2633 1195 2678 se
1218 2617 1393 2679 abstinere.
1416 2618 1501 2679 Nam
1525 2620 1627 2680 etiam
1650 2622 1786 2681 tacente
1804 2621 1870 2694 ipso

650 2738 723 2796 rata
745 2735 812 2795 iam
835 2732 907 2794 fieri
929 2731 1129 2793 videbantur
1151 2732 1223 2791 eius
1246 2733 1334 2792 vota.
1352 2731 1475 2792 Rerum
1494 2733 1680 2794 futurarum
1700 2733 1869 2810 praesagia

649 2848 810 2924 quaedam
852 2846 1015 2908 habuerat
1056 2844 1191 2921 Equites
1224 2843 1350 2921 tabula,
1384 2861 1460 2906 cum
1495 2846 1575 2906 altis
1608 2848 1871 2909 adversariorum

650 2960 850 3023 clamoribus
873 2963 1066 3021 resonuerat
1089 2959 1277 3033 theatrum,
1305 2960 1343 3019 ut
1361 2959 1475 3020 littora
1498 2975 1578 3021 vooe
1598 2960 1740 3021 stridula
1762 2962 1870 3021 avium

649 3077 812 3154 procellae
834 3075 1123 3152 praenuntiarum,

950 3203 1026 3250 oum
1051 3186 1160 3248 medio
1182 3185 1336 3248 revolant
1359 3201 1400 3247 ex
1424 3201 1575 3260 aequore.

694 3304 846 3366 Nondum
876 3303 1009 3376 quidem
1040 3301 1075 3362 ln
1105 3299 1229 3360 malam
1260 3314 1331 3361 rem
1359 3300 1544 3376 pellebatur
1566 3299 1689 3376 Bullio,
1712 3301 1773 3361 sed
1797 3314 1871 3362 mox

650 3423 686 3479 ut
717 3418 894 3494 pelleretur
921 3415 1001 3491 quin
1028 3414 1063 3474 in
1085 3413 1165 3475 tatis
1187 3416 1278 3474 esset
1300 3414 1440 3474 minime
1461 3413 1634 3474 dubitabat
1656 3417 1773 3489 poeta;
1796 3428 1871 3474 nam

650 3531 759 3606 magis
793 3530 965 3604 magisque
999 3526 1238 3588 obscurabatur
1268 3525 1378 3587 brevis
1406 3526 1466 3587 illa
1493 3525 1625 3588 cleonis
1654 3526 1775 3604 gloria,
1799 3528 1873 3588 dum

648 3644 896 3707 calamitatibus
919 3640 1168 3717 opprimebatur
1192 3655 1246 3701 res
1270 3639 1494 3702 Atheniensis.
1518 3640 1646 3717 Spretis
1664 3655 1769 3702 sanae
1787 3654 1872 3702 men·

650 3761 695 3818 tis
724 3757 908 3834 praeceptis
938 3754 1017 3830 illie,
1050 3769 1134 3830 quae
1165 3752 1251 3814 bello
1281 3755 1416 3815 ineunte
1439 3755 1574 3816 dederat
1595 3749 1751 3830 Pericles,
1777 3754 1871 3815 Athe·

650 3871 816 3933 niensium
854 3869 965 3944 copiae
1000 3871 1178 3929 terrestres
1211 3869 1410 3928 invaserunt
1442 3867 1630 3944 Boeotiam,
1665 3867 1721 3927 ubi
1750 3868 1874 3943 aliquot

651 3985 821 4047 mensibus
850 3985 925 4058 post
953 3982 1087 4056 Equites
1118 3980 1264 4041 fabulam
1294 3995 1415 4042 scenae
1437 3982 1652 4043 commissam
1677 3981 1874 4056 gravissima

649 4099 741 4161 clade
764 4101 844 4158 sunt
867 4096 1016 4159 affectae.
1040 4095 1150 4155 Isdem
1173 4094 1290 4156 diebus
1313 4094 1453 4156 Sitalces
1471 4095 1597 4170 Thrax,
1621 4095 1873 4156 Atheniensium

649 4213 773 4286 socius,
796 4225 947 4286 -quem
967 4211 1000 4269 in
1021 4208 1292 4269 Acharnensibus
1311 4208 1423 4268 tabula
1445 4209 1533 4269 salse
1549 4210 1671 4270 riserat
1684 4209 1874 4284 Aristopha-

650 4341 723 4401 nes,
748 4357 791 4368 -
814 4325 938 4400 praelio
958 4339 1033 4384 cum
1053 4325 1152 4398 gente
1171 4322 1280 4382 vicina
1302 4323 1386 4383 inito
1409 4324 1543 4396 occidit;
1567 4323 1619 4383 cui
1639 4323 1694 4397 qui
1712 4323 1875 4384 successit

650 4440 805 4513 Seuthes,
831 4437 971 4512 Spartae
994 4434 1139 4497 larebat.
1163 4435 1285 4496 Eodem
1305 4437 1407 4497 etiam
1432 4438 1582 4513 tempore
1605 4437 1762 4497 Brasidas
1785 4437 1876 4514 Spar·

649 4554 807 4612 tiatarum
837 4551 904 4611 dux
934 4553 1093 4610 strenuus
1124 4553 1158 4609 et
1185 4551 1311 4626 peritus
1339 4565 1414 4611 cum
1445 4565 1565 4623 magno
1589 4549 1735 4611 exercitu
1758 4548 1876 4626 petivit

650 4680 741 4727 oram
777 4663 965 4738 Thraciam,
1000 4663 1056 4724 ubi
1091 4663 1246 4725 civitates
1279 4665 1421 4724 Athenis
1450 4663 1580 4725 foedere
1610 4665 1741 4724 iunctas
1775 4664 1874 4724 aliam

650 4781 725 4854 post
748 4777 847 4839 aliam
872 4779 909 4838 ut
930 4776 1108 4838 deficerent
1131 4780 1188 4838 aut
1211 4779 1377 4851 permovit
1395 4783 1454 4838 aut
1473 4779 1594 4854 coegit,
1614 4780 1648 4838 in
1667 4779 1722 4837 his
1741 4777 1872 4854 Amphi·

650 4893 749 4967 polim
776 4891 889 4952 urbem
914 4895 1178 4966 praepotentem,
1199 4891 1387 4966 Strymonis
1404 4891 1498 4952 duvii
1518 4892 1665 4952 claustra
1684 4891 1874 4965 habentem,

650 5006 736 5065 unde
759 5005 800 5066 ad
824 5020 928 5065 naves
951 5005 1118 5066 iaciendas
1140 5005 1231 5080 ligna
1253 5004 1411 5080 petebant
1432 5007 1663 5067 Athenienses.
