4375 6284
760 973 840 1018 vrrs
863 972 902 1017 rrr
925 971 1092 1018 ornamus.
1477 961 1541 1021 139

328 1149 434 1209 modos
463 1147 612 1208 musicos
642 1144 840 1207 deridendos
867 1143 908 1204 ab
935 1143 1102 1224 Aeschylo
1132 1145 1374 1221 Aristophaneo
1402 1146 1541 1222 prolata.

328 1262 392 1324 llos
422 1277 499 1324 vero
528 1261 692 1324 sentimus
721 1261 924 1321 nontamen
948 1259 988 1319 de
1010 1273 1046 1320 re
1068 1258 1189 1334 pusilla
1211 1239 1406 1321 innocuisve
1430 1259 1541 1333 aliqui·

328 1376 380 1437 bus
406 1376 498 1437 vocis
528 1373 809 1436 modulationibus
839 1372 1017 1449 disputari,
1048 1370 1106 1432 sed
1136 1370 1169 1432 id
1196 1373 1250 1448 agi
1273 1374 1386 1434 utrum
1410 1372 1543 1448 linguae

327 1504 364 1549 an
392 1487 537 1564 gutturis
569 1487 603 1548 ln
634 1488 707 1549 arte
736 1485 868 1548 scenica
898 1484 1048 1546 iuturum
1078 1484 1123 1544 sit
1156 1499 1310 1562 regnum,
1346 1500 1425 1547 nam
1460 1500 1543 1560 quse

327 1602 471 1664 dictionis
501 1599 623 1662 ancilla
652 1599 733 1662 olim
763 1598 883 1660 luisset
906 1598 1049 1675 musica,
1078 1613 1177 1659 suum
1201 1599 1268 1660 iam
1291 1599 1354 1660 sibi
1377 1599 1430 1660 ius
1453 1614 1542 1660 asse-

326 1731 402 1793 rere,
437 1730 519 1777 mox
551 1714 754 1791 superiorem
787 1712 934 1774 futuram
965 1713 999 1773 ot
1028 1714 1203 1788 poetarum
1237 1713 1337 1775 verba
1370 1712 1543 1774 lenociniis

326 1831 447 1891 aurium
469 1830 597 1892 servire
619 1829 799 1890 iussurum.

364 1945 448 2006 Anto
480 1957 603 2020 paucos
636 1958 741 2005 annos
774 1944 874 2019 poeta
907 1941 1043 2017 quidam
1077 1941 1311 2019 Aristophanis
1345 1942 1492 2017 aequalia
1525 1959 1543 2004 e

324 2057 478 2134 sepulcris
508 2056 722 2133 Aegyptiacis
744 2055 928 2117 resurrexit
955 2056 1031 2130 post
1053 2054 1236 2116 multorum
1259 2055 1466 2117 saeculorum
1490 2055 1543 2116 ob-

324 2171 488 2248 livionem,
527 2170 660 2245 lamque
702 2169 868 2231 'iimothei
905 2183 1013 2244 nugas
1054 2182 1251 2230 numerosas
1283 2167 1457 2245 perlegens
1489 2171 1545 2244 qui

324 2299 431 2346 secum
461 2285 592 2360 reputat
617 2283 708 2345 nomi
731 2283 827 2359 lyrici
849 2283 889 2345 ab
913 2283 984 2359 ipso
1006 2283 1105 2358 poeta
1128 2281 1297 2345 accinente
1324 2281 1398 2358 lyra
1420 2284 1544 2345 cantati

325 2398 399 2459 olim
423 2401 457 2459 et
478 2397 594 2458 saltati
612 2396 695 2459 haec
715 2410 790 2457 esse
809 2396 925 2473 verba,
946 2397 1022 2457 dein
1040 2408 1179 2457 canoros
1198 2395 1259 2457 hos
1279 2396 1319 2457 de
1335 2410 1445 2472 pugna
1456 2397 1544 2459 Sala·

324 2511 423 2573 minis
443 2510 627 2573 versiculos
653 2510 779 2572 confert
809 2525 885 2572 cum
908 2510 1024 2572 eadem
1048 2509 1189 2571 materie
1212 2510 1425 2585 septuaginta
1448 2513 1546 2572 unnis

328 2629 421 2686 antea
451 2624 491 2686 ab
519 2623 684 2699 Aeschylo
713 2625 749 2685 in
779 2624 891 2685 Persis
914 2623 1064 2686 dramate
1087 2625 1244 2700 tractata,
1269 2623 1299 2684 is
1321 2623 1454 2699 penitus
1476 2639 1545 2700 per·

324 2738 422 2800 sentit
451 2753 509 2800 cur
538 2739 665 2799 comico
695 2741 809 2799 nostro
839 2736 916 2799 bilis
946 2737 1090 2812 coeperit
1112 2739 1317 2813 turgescere,
1341 2737 1379 2798 ut
1400 2739 1544 2813 primum

325 2867 430 2915 coram
448 2853 520 2928 ipso
540 2853 880 2913 commemorarentur
898 2863 989 2912 nova
1005 2851 1181 2912 modorum
1200 2850 1404 2911 musicorum
1420 2850 1548 2912 lumina

324 2971 355 3026 et
384 2968 600 3029 incrementa.
630 2964 755 3040 Nempe
785 2966 904 3027 sancta
926 2979 1011 3040 quse
1034 2965 1064 3026 ei
1088 2965 1161 3026 erat
1183 2979 1239 3026 ars
1261 2965 1446 3042 poetarum,
1471 2979 1544 3026 sam

324 3081 397 3142 sede
416 3077 595 3142 honorifica
614 3077 743 3140 detrudi
763 3078 896 3140 videbat
914 3078 948 3138 in
967 3091 1125 3138 sonorum
1144 3077 1292 3139 inanium
1308 3077 1544 3140 ministerium.

323 3194 467 3255 Pessime
504 3192 725 3269 displicebant
763 3194 793 3254 ei
832 3193 1016 3254 recentium
1049 3191 1312 3255 versificatorum
1353 3194 1545 3271 conamina,

323 3309 376 3369 sed
398 3310 534 3384 gravius
557 3308 660 3369 stiam
685 3308 798 3370 oderat
820 3305 959 3369 artificia
982 3309 1172 3368 cantorum:
1192 3307 1370 3385 multiplici
1388 3307 1446 3370 illo
1464 3312 1543 3370 stre·

323 3424 388 3496 pitu
421 3422 556 3484 deleniri
586 3421 730 3483 tortasse
761 3436 873 3498 aures,
904 3421 1043 3482 obtundi
1072 3423 1238 3496 mentem;
1265 3421 1308 3483 iis
1331 3421 1544 3498 potissimum

324 3539 426 3612 poetis
447 3551 521 3599 esse
544 3536 661 3598 utilem
686 3536 740 3611 qui
764 3535 850 3611 quod
873 3536 1021 3597 dicerent
1044 3550 1110 3597 non
1134 3535 1306 3596 haberent.
1337 3537 1375 3596 Iu
1397 3536 1546 3598 Nubibus

322 3651 430 3712 tabula
462 3651 544 3713 olim
576 3651 664 3713 inter
696 3667 858 3713 novorum
893 3653 1069 3713 numinum
1101 3651 1245 3713 cultores
1274 3650 1372 3712 iuxta
1401 3653 1547 3714 medicos

323 3765 599 3828 circumforaneos
630 3768 663 3827 et
690 3766 877 3841 astrologos
906 3765 1055 3840 aliosque
1084 3764 1284 3841 impostores
1307 3767 1408 3829 etiam
1432 3769 1547 3844 poetas

323 3879 583 3955 dithyrambicos
617 3881 829 3942 recensuerat
858 3879 1114 3957 Aristophanes,
1146 3879 1261 3942 eodem
1292 3880 1446 3943 videlicet
1474 3883 1545 3942 iure

323 3997 456 4056 cunctos
484 3994 677 4057 istiusmodi
709 3992 852 4055 artifices
881 3993 1024 4071 habens,
1055 3993 1127 4056 sive
1158 3993 1358 4056 dexteritate
1388 3995 1545 4057 articulos

322 4113 469 4184 aegrotos
498 4108 668 4186 depsendi‚
700 4108 772 4170 sive
799 4108 937 4183 magicis
960 4107 1157 4182 quibusdam
1179 4109 1450 4185 incantamentis,
1474 4110 1545 4170 sive

322 4223 461 4295 gutturis
492 4222 736 4298 digitorumque
758 4220 943 4282 mobilitate
966 4223 1138 4298 captarent
1159 4221 1312 4283 homines
1334 4224 1368 4284 ot
1389 4237 1546 4284 nummos

323 4335 381 4394 sibi
403 4340 610 4410 quaererent.
630 4335 742 4411 Neque
760 4336 850 4397 enim
869 4349 988 4396 sanum
1009 4349 1127 4410 corpus
1147 4349 1251 4410 neque
1271 4351 1391 4396 sanum
1411 4352 1543 4398 carmen

323 4449 443 4512 talibus
480 4450 629 4526 indigere
669 4450 868 4527 praestigiis.
911 4449 1058 4526 Simplici
1098 4452 1192 4510 veste
1226 4465 1360 4512 musam
1394 4451 1542 4512 decoram

323 4565 419 4624 satis:
449 4579 557 4626 novae
586 4565 669 4626 artis
691 4565 824 4624 varium
851 4565 1004 4623 ornatum
1037 4564 1212 4625 meretrice
1243 4565 1378 4639 dignum
1403 4563 1455 4624 vel
1479 4579 1543 4624 anu

323 4677 527 4740 iuuentutem
551 4677 722 4740 ementita.
