4375 6284
688 899 752 958 266
1125 917 1167 962 ns
1190 915 1299 962 aaran
1321 916 1474 963 amorre.

687 1089 841 1163 chorique
879 1090 1028 1165 nomina,
1065 1089 1133 1150 alia
1167 1088 1329 1150 eiusmodi
1363 1087 1569 1163 praeberent.
1606 1089 1641 1150 Si
1673 1089 1769 1168 iecit,
1804 1091 1889 1152 soluta

688 1204 801 1277 utique
834 1203 984 1264 oratione
1013 1205 1066 1264 eet
1096 1218 1194 1276 usus;
1225 1217 1303 1262 nam
1333 1205 1534 1278 argumenta
1555 1204 1712 1281 metrica,
1736 1220 1821 1278 quae
1839 1207 1891 1266 eius

684 1331 806 1378 nomen
837 1312 1122 1392 ementiuntur1),
1153 1315 1272 1376 multis
1303 1317 1447 1377 saeculis
1468 1319 1549 1378 sunt
1578 1321 1766 1380 recentiora
1789 1322 1822 1380 et
1839 1323 1891 1380 toto

684 1432 775 1494 caelo
798 1432 925 1493 distant
948 1447 967 1493 a
991 1431 1202 1508 grammatici
1227 1432 1353 1492 vetusti
1381 1431 1479 1492 docta
1500 1431 1677 1493 brevitate.

729 1685 803 1746 Uno
832 1685 901 1746 lere
931 1685 1007 1762 post
1029 1683 1200 1746 Christum
1224 1687 1343 1745 natum
1366 1684 1514 1761 saeculo,
1540 1685 1658 1746 eadem
1682 1686 1785 1761 igitur
1806 1689 1895 1747 aetate

684 1814 750 1872 qua
771 1799 812 1860 de
835 1797 1035 1861 Golometria
1057 1799 1193 1874 scripsit
1210 1797 1423 1875 Heliodorus,
1445 1798 1563 1860 comici
1582 1799 1763 1861 editionem
1781 1800 1896 1861 scholiis

685 1912 923 1989 marginalibus
953 1913 1130 1974 adornavit
1154 1912 1377 1988 Symmachus
1400 1914 1659 1990 grammaticus,
1683 1928 1759 1974 cum
1783 1913 1897 1988 Didymi

685 2027 936 2089 commentariis
967 2041 1049 2087 usus
1079 2026 1234 2101 prolixis,
1266 2029 1339 2086 tum
1370 2024 1463 2086 libris
1493 2027 1717 2102 antiquiorum
1743 2028 1896 2102 multoque
1965 2042 1966 2045 ¹

683 2140 934 2216 prudentiorum
957 2141 1178 2216 interpretum
1202 2139 1514 2202 Alexandrinorum.
1534 2139 1583 2200 Ex
1603 2140 1800 2212 Symmachi
1816 2154 1897 2217 opere

684 2253 811 2315 fluxere
832 2254 961 2315 scholia
978 2268 1061 2328 quae
1082 2253 1122 2312 ad
1146 2268 1208 2314 nos
1230 2255 1467 2330 pervenerunt,
1492 2255 1632 2316 minime
1650 2258 1765 2316 tamen
1787 2256 1897 2315 intecta
1965 2250 1966 2339 ζ

683 2369 923 2444 pervenerunt;
943 2368 1038 2428 cuius
1057 2367 1171 2428 damni
1191 2381 1294 2428 causa
1313 2368 1432 2442 partim
1448 2368 1512 2429 luit
1523 2367 1735 2430 librariorum
1749 2368 1895 2441 socordia,
1965 2382 1966 2397 ¹

683 2483 807 2559 partim
841 2482 1014 2558 angustiae
1046 2480 1319 2543 membranarum
1355 2485 1483 2558 priscae
1511 2482 1708 2544 eruditionis
1736 2484 1896 2545 thesauros

684 2610 749 2658 nou
780 2597 999 2672 capientium,
1030 2596 1153 2670 partim
1184 2595 1343 2670 segnities
1373 2595 1654 2673 magistellorum,
1678 2598 1735 2671 qui
1757 2597 1789 2657 in
1811 2610 1896 2657 usum

684 2709 924 2786 discipulorum
948 2724 991 2770 ex
1015 2710 1133 2785 priscis
1158 2709 1411 2770 commentariis
1435 2725 1475 2770 ea
1496 2710 1568 2770 sola
1590 2714 1808 2787 excerperent
1830 2725 1898 2784 oure

683 2823 723 2884 ad
747 2825 864 2899 poetae
888 2821 989 2884 verba
1011 2822 1234 2897 intellegenda
1251 2821 1403 2883 sufficere
1420 2823 1621 2883 viderentur.
1641 2823 1896 2884 Admixtaesunt

684 2936 935 2999 observationes
968 2937 1128 2998 metricae
1159 2950 1201 2996 ex
1232 2950 1330 3010 opere
1360 2935 1540 2996 Heliodori.
1569 2936 1749 2997 Praeterea
1778 2937 1898 2998 notulae

684 3051 810 3126 aliquot
840 3049 999 3112 debentur
1029 3049 1156 3111 Phaino
1180 3049 1327 3127 cuidam,
1352 3051 1408 3123 qui
1432 3065 1506 3110 sero
1528 3053 1630 3111 natus
1651 3050 1783 3111 videtur
1805 3050 1895 3112 luisse

683 3165 752 3226 ludi
792 3165 953 3239 magister
966 3156 1000 3240 ²),
1044 3166 1077 3225 et
1117 3163 1245 3225 multae
1285 3163 1426 3224 aliorum
1465 3164 1639 3226 hominum
1666 3178 1894 3239 anonymorum

684 3279 916 3339 annotationes
956 3276 1118 3340 verbosae
1160 3278 1269 3352 magis
1310 3291 1410 3350 quam
1451 3276 1553 3338 utiles
1594 3278 1736 3338 insertae
1763 3282 1840 3338 sunt
1868 3277 1895 3336 in

683 3391 811 3452 scholia
833 3390 1021 3452 fabularum
1045 3406 1128 3453 aevo
1155 3391 1341 3465 Byzantina
1363 3405 1442 3467 prae
1465 3392 1585 3452 ceteris
1605 3391 1786 3452 lectarum:
1805 3391 1896 3461 Pluti,
1965 3416 1966 3457 1

682 3504 839 3580 Nubium‚
867 3505 1036 3566 Ranarum
1052 3499 1084 3575 ⁸).
1109 3504 1285 3566 Hodiernis
1307 3503 1486 3565 lectoribus
1508 3520 1548 3565 ea
1570 3504 1642 3565 sola
1664 3508 1894 3580 prosuntque

684 3633 727 3680 ex
749 3617 1052 3680 Alexandrinorum
1075 3619 1297 3693 interpretum
1322 3618 1576 3679 commentariis
1598 3621 1679 3679 sunt
1700 3618 1808 3680 ducta.

728 4074 954 4150 Quadraginta
987 4077 1128 4149 quatuor
1158 4078 1216 4136 aut
1247 4077 1467 4152 quadraginta
1497 4078 1617 4139 comici
1646 4076 1776 4138 fabulas
1801 4073 1886 4136 edide

682 4192 762 4252 runt
792 4190 872 4251 olim
903 4191 1116 4266 grammatici
1147 4190 1380 4253 Alexandrini:
1413 4195 1484 4253 tres
1506 4192 1607 4252 huius
1628 4192 1776 4254 thesauri
1796 4191 1889 4266 parre

716 4447 737 4510 ¹)
754 4451 877 4498 Errorem
899 4447 1001 4511 primns
1023 4451 1124 4498 nourit
1145 4451 1237 4499 Nauck
1253 4451 1386 4512 Aristoph.
1403 4465 1429 4512 p.
1447 4453 1505 4500 25³.
1523 4451 1563 4500 Oi.
1581 4465 1650 4512 quae
1667 4453 1701 4500 ad
1718 4453 1787 4501 Pinti
1802 4447 1887 4498 tabulae

680 4531 872 4589 Argumentum
889 4531 925 4577 1v
943 4531 1066 4578 annotari
1084 4530 1117 4578 de
1135 4531 1225 4580 codice
1243 4531 1271 4578 V.

716 4607 736 4664 ¹)
753 4607 792 4656 Cf.
810 4611 966 4670 praesertim
983 4610 1031 4669 ltq.
1052 4610 1127 4659 11⁶0.

715 4685 737 4751 ι)
753 4689 939 4738 luteroeaaiaee
964 4693 1071 4750 tempos
1097 4703 1149 4750 qno
1173 4690 1276 4753 paiaqae
1306 4690 1472 4751 potissimum
1498 4690 1657 4750 legebantur
1682 4691 1786 4740 tabulae
1807 4686 1887 4735 retur.

682 4765 769 4825 Nubes,
787 4766 878 4826 Ranae,
894 4766 1001 4832 Equites,
1018 4767 1089 4826 Area,
1107 4773 1238 4816 testantur
1255 4770 1360 4817 codices
1377 4770 1442 4817 satia
1460 4769 1547 4818 crebri
1563 4772 1610 4830 qni
1621 4770 1671 4818 has
1685 4770 1755 4819 aolaa
1767 4766 1887 4817 manant

683 4851 711 4896 et
735 4846 851 4896 concinit
875 4849 945 4909 quod
971 4849 1005 4896 de
1032 4851 1192 4908 tragicorum
1218 4853 1293 4897 textn
1319 4850 1399 4897 tradit
1422 4848 1527 4908 fluidae,
1551 4847 1686 4912 nqeue·
1712 4844 1885 4910 grandinabatln

683 4929 789 4975 saeculo
806 4929 840 4976 ἵν
857 4926 1030 4988 descripsisse
1048 4933 1132 4975 metra
1148 4930 1308 4976 canticorum
1323 4927 1457 4989 qaindecaaa
1475 4929 1622 4977 dramatum
1635 4930 1759 4989 Aeschyli
1771 4921 1885 4988 Sophocli·

684 5007 828 5070 Euripidis.
