4375 6284
730 1009 807 1054 vrrs
831 1009 870 1053 66
895 1008 1062 1054 cerninus,
1468 999 1508 1059 19

296 1196 360 1242 6616
378 1182 456 1256 quid
476 1180 601 1256 patriae
619 1181 774 1256 prodesse
793 1185 919 1258 posset,
940 1182 1015 1256 quid
1035 1197 1161 1244 nocere.
1182 1182 1313 1246 civium
1332 1201 1510 1249 aerumnae

295 1298 321 1354 et
350 1295 501 1370 querelae
535 1294 745 1368 quotidianae
778 1295 996 1356 stimulabant
1027 1312 1225 1370 generosum
1257 1299 1329 1359 sius
1357 1300 1507 1362 animum
1562 1296 1564 1299 ’

295 1424 386 1482 66666
409 1408 554 1470 61166616
577 1409 723 1469 assidere
745 1409 907 1470 sinebant.
928 1409 1035 1486 Nunc,
1055 1425 1143 1471 nunc
1161 1414 1418 1474 succurrendum
1439 1417 1511 1475 erat

295 1525 406 1598 patriae
437 1525 471 1584 in
500 1524 677 1598 perniciem
709 1525 833 1585 ruentil
865 1525 936 1586 Non
967 1526 1035 1586 iam
1067 1528 1200 1601 tempus
1230 1530 1301 1588 erat
1335 1530 1510 1602 expectare

294 1639 359 1711 quid
388 1638 565 1712 aliquando
594 1639 743 1698 futurum
774 1641 878 1700 essetl
912 1639 974 1700 Sed
1004 1640 1150 1700 succurri
1178 1642 1339 1714 quomodo
1362 1643 1507 1717 potarat!

294 1751 420 1812 Utinam
452 1750 606 1826 aequales
634 1752 694 1827 ita,
727 1753 763 1812 ut
794 1753 877 1828 ipse,
907 1751 967 1813 sub
998 1753 1088 1829 divo,
1121 1754 1156 1814 ln
1179 1754 1265 1816 ruris
1288 1762 1363 1816 aere
1385 1754 1511 1815 salubri

294 1867 411 1927 educati
443 1867 556 1926 essent
586 1867 718 1926 omnes!
751 1865 889 1926 Utinam
920 1867 981 1942 ita,
1012 1869 1049 1927 ut
1083 1867 1168 1942 ipse,
1201 1883 1298 1943 agros
1327 1872 1361 1930 61
1391 1869 1509 1946 silv'as,

293 1995 418 2055 campos
449 1979 614 2052 collesque
644 1979 774 2040 Atticos
805 1979 940 2054 diligere
973 1995 994 2041 6
1026 1981 1138 2056 pueris
1168 1982 1377 2043 didicissent:
1414 1983 1511 2044 aliter

293 2095 350 2154 iam
379 2095 557 2168 sentirent,
587 2092 684 2153 aliter
713 2092 753 2152 do
784 2092 881 2153 rebus
906 2091 1045 2168 publicis
1068 2095 1282 2157 decernerent
1305 2111 1409 2172 neque
1431 2113 1511 2159 euos

293 2209 346 2268 sibl
369 2207 515 2270 asseclas
539 2205 640 2267 nimis
661 2206 824 2281 patientes
846 2205 980 2267 haberet
1003 2207 1147 2268 Pericles
1165 2209 1199 2269 in
1218 2212 1338 2271 senatu
1356 2211 1510 2286 populive

293 2322 509 2396 concionibus,
542 2336 607 2381 non
638 2319 764 2382 civibus
794 2319 1013 2395 locupletibus
1036 2322 1243 2397 imperitaret
1264 2325 1342 2385 faex
1364 2324 1509 2386 Piraloa!

295 2438 331 2496 tt
358 2441 463 2498 artem
495 2436 659 2511 quaelibet
681 2435 877 2510 disputando
900 2436 1106 2497 convellendi
1127 2437 1276 2499 discebat
1298 2439 1455 2502 iuventus
1476 2441 1510 2502 in

292 2551 508 2626 sophistarum
533 2550 717 2624 auditoriis,
741 2563 806 2609 non
830 2548 976 2610 discebat
999 2548 1067 2610 illic
1090 2552 1253 2624 quomodo
1272 2553 1379 2614 fulciri
1398 2562 1512 2630 posset

293 2666 427 2726 civitatis
451 2664 657 2740 praeclarum
681 2661 880 2740 aedificium,
904 2663 989 2737 quod
1018 2663 1245 2726 fundamentis
1271 2666 1425 2727 suffossis
1447 2669 1509 2729 rui·

293 2793 362 2840 1616
395 2780 461 2840 1661
493 2779 686 2839 minaretur.
717 2778 755 2837 In
783 2776 965 2838 scribarum
990 2777 1159 2838 nationem
1183 2779 1332 2840 abierant
1354 2780 1510 2842 Miltiadis

293 2892 504 2967 Aristidisque
534 2893 637 2966 cives,
669 2891 747 2951 novi
777 2890 929 2951 homines
951 2891 1151 2965 rabulaeque
1174 2892 1323 2954 lorenses
1345 2893 1511 2955 intereos

292 3007 392 3076 prima
421 3003 592 3081 tenebant,
622 3018 689 3064 non
718 3003 801 3064 bene
832 3003 957 3078 agendo
987 3005 1044 3064 sed
1075 3003 1158 3065 bene
1184 3005 1346 3081 loquendo
1369 3008 1511 3069 Athenis

291 3119 442 3193 apprimis
464 3118 668 3194 studebatur,
692 3132 756 3179 non
780 3133 899 3179 manus
922 3117 967 3177 ibi
990 3118 1228 3179 exercebantur
1251 3121 1308 3181 sed
1331 3121 1509 3197 lingua...

291 3231 392 3306 itaque
416 3248 473 3308 per
496 3233 603 3293 laetos
624 3231 703 3291 olim
725 3231 857 3292 Atticae
881 3246 1016 3306 campos
1035 3232 1169 3306 impune
1187 3237 1253 3294 1661
1274 3235 1511 3309 grassabantur

291 3345 397 3407 hostes
419 3346 612 3407 insolentes.

330 3459 486 3520 iuvenem
506 3458 592 3519 hunc
610 3461 742 3534 poetam
761 3457 1020 3519 Atheniensibus
1040 3458 1119 3520 belli
1138 3461 1233 3520 aestu
1249 3461 1381 3522 lactatis
1393 3477 1510 3524 musae

290 3573 444 3634 dederunt
473 3572 584 3632 luctus
613 3573 801 3633 communis
831 3573 1056 3649 interpretem.
1085 3572 1187 3648 Quem
1214 3574 1397 3636 incitabant
1420 3577 1511 3638 dolor

291 3687 319 3746 61
345 3686 540 3762 indignatio,
572 3685 733 3746 incitabat
761 3700 871 3746 rerum
906 3700 1067 3746 novarum
1100 3687 1211 3748 odium
1242 3688 1398 3767 insitum,
1433 3692 1510 3751 novi

291 3801 396 3862 tamen
426 3800 501 3861 aevi
530 3797 636 3860 lilium
661 3801 694 3861 61
716 3799 836 3874 ipsum.
860 3800 969 3860 116616
992 3800 1201 3876 acutissima,
1225 3803 1357 3878 ingenio
1380 3805 1510 3867 teracis-

290 3913 382 3989 simo,
413 3912 567 3974 facundia
595 3912 792 3973 inexhausta
825 3913 973 3973 tuiturus
1004 3916 1075 3974 6161
1105 3915 1248 3989 pectoris
1278 3916 1416 3978 humani
1439 3919 1511 3979 iura

292 4030 398 4088 contra
430 4027 548 4102 capitis
577 4025 700 4103 placita
729 4041 859 4103 severa,
891 4042 957 4087 non
989 4027 1088 4088 iudex
1119 4044 1242 4104 aequus
1273 4032 1345 4091 sine
1377 4032 1426 4092 ira
1453 4036 1535 4116 aut¹

291 4141 393 4202 studio
426 4142 465 4203 de
495 4141 594 4201 rebus
623 4139 764 4217 publicis
787 4141 991 4201 sententiam
1015 4141 1156 4219 laturus,
1181 4144 1238 4204 sed
1262 4145 1412 4206 maxima
1434 4161 1510 4207 cum

292 4252 513 4330 indignatione
532 4255 672 4316 crimina
689 4253 870 4316 immodica
887 4255 1071 4316 iactaturus
1090 4259 1275 4319 accusator.
1296 4260 1407 4334 Apage
1425 4261 1512 4321 insa·

291 4381 362 4428 nam
396 4369 526 4445 imperii
560 4385 653 4445 spem
688 4368 781 4430 illam
811 4373 981 4432 tantorum
1012 4369 1177 4432 malorum
1213 4377 1366 4435 causaml
1399 4376 1511 4452 Apage

291 4477 382 4543 fidem
407 4483 588 4545 mendaciis
611 4485 757 4544 virorum
781 4483 989 4559 popularium
1013 4485 1117 4545 616116
1136 4486 1190 4546 diu
1212 4488 1377 4549 habitam!
1399 4490 1511 4565 Apage

293 4597 480 4667 praesertim
504 4596 639 4659 mollem
663 4597 756 4658 illam
779 4597 901 4658 civium
924 4597 1119 4672 patientiam
1140 4600 1255 4660 stultis
1274 4602 1514 4676 malevolisque

293 4707 423 4770 ducibus
452 4726 518 4772 non
548 4711 770 4773 obstantiuml
803 4709 917 4771 Cimon
948 4711 1003 4772 ubi
1029 4715 1080 4772 ost
1104 4712 1197 4790 alter,
1223 4715 1279 4788 qui
1303 4715 1512 4777 institoribus

294 4823 322 4880 et
351 4821 470 4884 scribis
503 4823 537 4885 in
572 4824 765 4885 umbracula
794 4839 856 4885 sua
884 4824 1025 4900 repulsis
1055 4827 1154 4903 prisci
1185 4829 1345 4903 temporis
1375 4830 1510 4890 reducat

294 4948 400 5006 paoem
434 4939 466 4997 et
496 4939 661 4999 nitorem?
691 4937 785 4999 Felix
814 4937 870 4999 ille
902 4939 972 4999 dies
1002 4940 1132 5014 quando
1162 4943 1324 5002 venturus
1354 4947 1419 5020 eet,
1449 4959 1512 5018 quo

294 5045 386 5109 iolces
419 5051 581 5111 cudentur
610 5065 651 5110 ex
683 5051 833 5126 ensibus,
866 5053 899 5110 et
929 5052 1514 5117 1111616616661166616166611616
