4375 6284
736 1008 814 1054 11118
838 1008 878 1052 nr
901 1007 1070 1052 8111811188.
1472 996 1515 1056 ao

299 1181 438 1242 nondum
473 1185 609 1243 venerat
642 1182 713 1244 dies
746 1181 930 1258 vigesimus
963 1186 998 1243 et
1029 1183 1172 1244 Athenis
1204 1182 1306 1243 victor
1338 1197 1414 1242 cum
1446 1197 1517 1258 cap·

298 1294 371 1356 11118
404 1295 528 1357 aderat.

337 1411 473 1486 Iamque
502 1413 662 1485 tanquam
695 1411 828 1471 heroem
859 1409 1003 1484 aliquem
1034 1410 1239 1486 suspiciebat
1269 1427 1346 1472 eum
1369 1411 1521 1488 popellus

298 1526 400 1588 Piraei
423 1525 636 1587 turbulentus
657 1531 895 1601 promptusque
924 1525 965 1586 ad
992 1526 1208 1601 sperandum,
1241 1526 1359 1601 quippe
1383 1527 1435 1587 cui
1457 1526 1519 1588 ior·

296 1643 374 1701 1888
398 1640 539 1701 adversa
561 1639 645 1701 nihil
668 1642 781 1714 posset
804 1639 989 1700 detrahere.
1019 1639 1190 1700 Novarum
1212 1655 1324 1700 rerum
1348 1644 1519 1702 auctorem

296 1754 359 1816 iore
396 1753 603 1816 confidebant
636 1753 802 1814 videlicet.
836 1753 1005 1814 Novarum
1037 1768 1118 1814 sane
1147 1755 1247 1828 atque
1277 1754 1519 1832 inauditorum,

297 1869 435 1930 sednon
456 1868 632 1930 meliorum
652 1883 752 1942 quam
769 1883 851 1941 quas
870 1867 989 1943 priscis
1008 1867 1138 1929 civibus
1155 1868 1371 1931 tradidissent
1390 1871 1519 1945 patresl

296 1983 499 2044 Pellecturus
532 1982 685 2043 homines
719 1984 791 2043 erat
820 1996 927 2042 novus
954 1981 1022 2043 dux
1056 1985 1091 2042 81
1121 1982 1334 2060 decepturus,
1366 1984 1518 2058 quemad·

297 2100 428 2160 modum
459 2113 546 2160 nunc
576 2114 632 2160 eos
660 2097 857 2173 decipiebat,
887 2098 1005 2172 pennis
1026 2099 1182 2173 pavonils
1203 2102 1341 2160 ornatus
1363 2100 1520 2174 graculus

295 2213 503 2288 impudenter
524 2212 697 2287 surreptis.
720 2212 805 2272 Nam
829 2212 1020 2272 immerenti
1041 2212 1072 2274 81
1095 2227 1257 2288 caecoque
1280 2214 1422 2289 quodam
1441 2229 1520 2276 casu

296 2329 439 2388 cesserat
459 2325 518 2387 1118
539 2324 657 2403 gloria,
680 2324 803 2386 stultae
826 2324 955 2386 scilicet
975 2326 1166 2386 iactationis
1188 2327 1386 2402 praemium.

337 2441 391 2502 Sic
425 2441 460 2501 in
496 2438 651 2501 Cleonem
685 2438 932 2500 invehebantur
966 2439 1021 2512 qui
1054 2438 1277 2515 Aristophane
1311 2443 1345 2502 et
1372 2443 1521 2504 seniores

296 2557 385 2614 erant
421 2556 456 2614 81
490 2567 600 2614 181881
634 2551 843 2628 publicarum
876 2551 1068 2626 peritiorem
1106 2553 1221 2614 eadem
1256 2556 1371 2615 autem
1406 2561 1520 2617 mente

298 2667 468 2741 verbisque
497 2665 664 2728 similibus
691 2665 732 2726 de
761 2680 800 2726 88
823 2665 1027 2726 sententiam
1052 2665 1130 2726 tulit
1153 2665 1360 2742 Thucydides
1382 2669 1522 2744 scriptor

295 2782 405 2854 gravis
439 2783 539 2854 atque
575 2795 722 2841 severus.
762 2778 844 2854 Quid
886 2779 1009 2839 mirum
1043 2779 1144 2854 igitur
1183 2795 1382 2856 persuasum
1416 2781 1521 2844 iuisse

295 2897 411 2970 poetae
444 2895 572 2969 iuveni,
602 2893 689 2955 haud
719 2893 831 2966 inique
861 2907 898 2954 88
929 2893 1032 2967 1181118
1058 2893 1226 2969 popularis
1249 2894 1365 2956 ducem
1388 2897 1517 2972 rodere,

296 3025 368 3070 cum
405 3008 550 3069 stultum
583 3007 828 3080 scelestumque
863 3009 998 3067 vocaret
1038 3007 1267 3082 impostorem.
1307 3009 1519 3072 Furiosorum

295 3123 467 3185 hominum
500 3121 619 3182 civitas
650 3121 679 3182 ei
709 3119 882 3182 videbatur
912 3119 1004 3195 urba,
1037 3119 1094 3180 ubl
1123 3120 1278 3183 laudibus
1304 3121 1522 3186 extolleretur

294 3239 357 3299 ista
394 3237 504 3298 hestia
537 3235 756 3311 praemiisque
792 3233 931 3309 publicis
961 3234 1197 3298 cumularetur.
1232 3235 1387 3298 cleonem
1419 3253 1520 3299 88888

294 3355 473 3426 prytanum
510 3350 578 3411 iam
616 3349 766 3410 adiacere
803 3347 962 3424 qnotidie,
994 3350 1169 3410 convivam
1205 3351 1518 3413 honoratissimum!

295 3463 407 3526 Gleoni
440 3465 474 3525 in
505 3463 623 3540 primis
650 3463 774 3524 theatri
804 3461 972 3524 subselliis
1001 3478 1100 3524 suum
1135 3479 1209 3524 8888
1244 3464 1367 3541 locum,
1403 3467 1519 3542 utpote

294 3577 331 3638 de
354 3577 466 3654 patria
489 3577 570 3638 bene
595 3578 732 3638 18811181

335 3691 465 3767 argone
495 3706 534 3752 eo
566 3705 669 3765 usque
694 3690 762 3751 iam
785 3692 982 3766 perventum
1006 3693 1058 3752 est
1081 3705 1145 3765 quo
1168 3693 1345 3766 procedere
1368 3696 1521 3769 poterant

294 3806 469 3868 hominum
488 3804 633 3867 stultitia
651 3807 685 3865 81
703 3804 921 3880 improbitas?
940 3805 1142 3866 Minime...
1162 3808 1195 3866 et
1207 3807 1241 3865 in
1261 3809 1377 3882 poetae
1389 3810 1521 3882 pectore

294 3919 505 3982 excandescit
528 3918 579 3980 vis
603 3918 768 3994 ingenii..
784 3917 905 3980 ¹etiam
929 3918 1073 3980 deterior
1096 3921 1170 3994 aut,
1200 3923 1238 3980 ut
1260 3920 1311 3980 illi
1332 3919 1521 3998 loquuntur,

294 4032 396 4094 etiam
420 4032 539 4093 melior
561 4030 632 4094 11811
654 4033 765 4107 potest
786 4031 913 4106 patriae
936 4031 1093 4092 condicio.
1120 4032 1200 4093 Post
1221 4032 1358 4094 Periclis
1376 4038 1521 4096 mortem

294 4149 340 4207 rei
370 4144 520 4221 publicae
544 4146 781 4221 aliquantisper
812 4145 1036 4221 praepositum
1060 4146 1204 4207 vidimus
1226 4146 1401 4209 1188181818
1424 4149 1521 4224 pisto·

294 4275 378 4338 rem,
405 4259 482 4321 dein
504 4258 669 4333 Lysiciem
687 4260 892 4336 pecuarium,
913 4261 1045 4334 iamque
1063 4261 1222 4322 coriarius
1241 4262 1305 4324 iste
1325 4263 1523 4324 clamoribus

295 4375 365 4435 suis
400 4373 513 4449 opplet
542 4373 977 4448 omnia...aiiquantulum
1010 4374 1110 4435 8118111
1142 4375 1257 4436 eadem
1289 4377 1344 4438 via
1366 4379 1525 4452 pergatur

296 4488 327 4548 et
349 4487 474 4564 popelli
496 4487 645 4563 potestas
668 4500 728 4548 suo
752 4486 821 4548 1818
845 4488 1004 4550 concidet.

338 4601 387 4662 lin
427 4616 530 4664 novae
563 4599 694 4662 tabulae
725 4605 975 4680 argumentum,
1007 4616 1073 4676 qua
1103 4603 1137 4662 in
1167 4601 1323 4664 cleonem
1352 4607 1451 4680 poeta
1473 4607 1525 4666 eet

295 4715 601 4777 animadversurus.
640 4714 910 4791 Impurissimum
945 4717 1109 4791 quendam
1147 4717 1330 4794 hominem,
1367 4734 1385 4778 8
1418 4718 1524 4793 plebis

296 4827 426 4891 faecula
449 4831 591 4906 cretum,
616 4829 703 4889 inter
725 4844 841 4904 porcos
864 4829 1044 4904 eruditum,
1070 4831 1191 4905 pugnis
1209 4831 1418 4905 hiatibusque
1438 4832 1523 4894 dola·

297 4945 382 5019 tum,
408 4945 540 5018 praeter
563 4941 744 5002 mentiendi
767 4942 904 5004 fallendi
931 4942 1114 5003 suffurandi
1136 4947 1227 5004 artes
1249 4945 1331 5004 nihil
1355 4947 1524 5022 edoctum,

284 5055 430 5118 'civitati
459 5056 712 5118 Atheniensium
742 5058 968 5132 praepositum
999 5057 1167 5130 ostendet,
1199 5058 1239 5119 ab
1263 5059 1345 5134 ipsis
1366 5060 1524 5121 nimirum
