<?xml version="1.0" encoding="UTF-8"?>
<!DOCTYPE html PUBLIC "-//W3C//DTD XHTML 1.0 Transitional//EN"
    "http://www.w3.org/TR/xhtml1/DTD/xhtml1-transitional.dtd">
<html xmlns="http://www.w3.org/1999/xhtml" xml:lang="en" lang="en">
 <head>
  <title>
</title>
<meta http-equiv="Content-Type" content="text/html;charset=utf-8" />
  <meta name='ocr-system' content='tesseract 3.04.00' />
  <meta name='ocr-capabilities' content='ocr_page ocr_carea ocr_par ocr_line ocrx_word'/>
</head>
<body>
  <div class='ocr_page' id='page_1' title='image "./prolegomenaadar02unkngoog/prolegomenaadar02unkngoog_0347.png"; bbox 0 0 4375 6284; ppageno 0'>
   <div class='ocr_carea' id='block_1_1' title="bbox 755 965 1539 1025">
    <p class='ocr_par' dir='ltr' id='par_1_1' title="bbox 755 965 1539 1025">
     <span class='ocr_line' id='line_1_1' title="bbox 755 965 1539 1025; baseline 0.003 -3"><span class='ocrx_word' id='word_1_1' title='bbox 755 977 797 1022; x_wconf 85' lang='lat' dir='ltr'>nn</span> <span class='ocrx_word' id='word_1_2' title='bbox 820 975 929 1022; x_wconf 82' lang='lat' dir='ltr'>nnxnu</span> <span class='ocrx_word' id='word_1_3' title='bbox 952 975 1105 1022; x_wconf 74' lang='lat' dir='ltr'>nnnnrno.</span> <span class='ocrx_word' id='word_1_4' title='bbox 1474 965 1539 1025; x_wconf 82' lang='grc'>335</span> 
     </span>
    </p>
   </div>
   <div class='ocr_carea' id='block_1_2' title="bbox 318 1147 1542 2021">
    <p class='ocr_par' dir='ltr' id='par_1_2' title="bbox 327 1147 1539 1339">
     <span class='ocr_line' id='line_1_2' title="bbox 361 1147 1539 1237; baseline 0.002 -29"><span class='ocrx_word' id='word_1_5' title='bbox 361 1149 396 1208; x_wconf 78' lang='lat' dir='ltr'>itt</span> <span class='ocrx_word' id='word_1_6' title='bbox 429 1147 513 1208; x_wconf 86' lang='lat' dir='ltr'>Nub.</span> <span class='ocrx_word' id='word_1_7' title='bbox 550 1148 615 1208; x_wconf 88' lang='grc'>800</span> <span class='ocrx_word' id='word_1_8' title='bbox 650 1148 716 1209; x_wconf 89' lang='lat' dir='ltr'>huc</span> <span class='ocrx_word' id='word_1_9' title='bbox 750 1147 953 1210; x_wconf 81' lang='lat' dir='ltr'>referendus.</span> <span class='ocrx_word' id='word_1_10' title='bbox 985 1148 1070 1237; x_wconf 85' lang='lat' dir='ltr'>Nam</span> <span class='ocrx_word' id='word_1_11' title='bbox 1102 1147 1180 1222; x_wconf 89' lang='lat' dir='ltr'>quid</span> <span class='ocrx_word' id='word_1_12' title='bbox 1210 1148 1347 1210; x_wconf 88' lang='lat' dir='ltr'>tandem</span> <span class='ocrx_word' id='word_1_13' title='bbox 1378 1151 1539 1224; x_wconf 89' lang='lat' dir='ltr'>estquod</span> 
     </span>
     <span class='ocr_line' id='line_1_3' title="bbox 327 1261 960 1339; baseline 0 -17"><span class='ocrx_word' id='word_1_14' title='bbox 327 1262 523 1339; x_wconf 81' lang='lat' dir='ltr'>strepsiades</span> <span class='ocrx_word' id='word_1_15' title='bbox 546 1262 593 1322; x_wconf 90' lang='lat' dir='ltr'>ibi</span> <span class='ocrx_word' id='word_1_16' title='bbox 615 1262 699 1323; x_wconf 89' lang='lat' dir='ltr'>dicit</span> <span class='ocrx_word' id='word_1_17' title='bbox 720 1262 760 1323; x_wconf 89' lang='lat' dir='ltr'>de</span> <span class='ocrx_word' id='word_1_18' title='bbox 783 1261 851 1323; x_wconf 86' lang='lat' dir='ltr'>filio</span> <span class='ocrx_word' id='word_1_19' title='bbox 874 1263 960 1323; x_wconf 83' lang='lat' dir='ltr'>suo?</span> 
     </span>
    </p>

    <p class='ocr_par' dir='ltr' id='par_1_3' title="bbox 400 1369 1385 1456">
     <span class='ocr_line' id='line_1_4' title="bbox 400 1369 1385 1456; baseline -0.003 -20"><span class='ocrx_word' id='word_1_20' title='bbox 400 1377 445 1436; x_wconf 87' lang='lat' dir='ltr'>V:</span> <span class='ocrx_word' id='word_1_21' title='bbox 583 1369 642 1436; x_wconf 79' lang='grc' dir='ltr'><strong><em>ἔστ’</em></strong></span> <span class='ocrx_word' id='word_1_22' title='bbox 669 1372 702 1436; x_wconf 82' lang='grc' dir='ltr'>έιι</span> <span class='ocrx_word' id='word_1_23' title='bbox 724 1383 880 1456; x_wconf 77' lang='grc' dir='ltr'><strong><em>γυναικῶν</em></strong></span> <span class='ocrx_word' id='word_1_24' title='bbox 904 1373 1060 1455; x_wconf 72' lang='grc' dir='ltr'>εὐπτέρων</span> <span class='ocrx_word' id='word_1_25' title='bbox 1083 1372 1150 1435; x_wconf 85' lang='grc' dir='ltr'><strong><em>κοιλ</em></strong></span> <span class='ocrx_word' id='word_1_26' title='bbox 1175 1376 1385 1455; x_wconf 79' lang='grc' dir='ltr'><strong><em>Κοισύρας.</em></strong></span> 
     </span>
    </p>

    <p class='ocr_par' dir='ltr' id='par_1_4' title="bbox 399 1490 1300 1569">
     <span class='ocr_line' id='line_1_5' title="bbox 399 1490 1300 1569; baseline -0.003 -18"><span class='ocrx_word' id='word_1_27' title='bbox 399 1491 446 1551; x_wconf 86' lang='lat' dir='ltr'>R:</span> <span class='ocrx_word' id='word_1_28' title='bbox 1079 1490 1300 1569; x_wconf 75' lang='grc' dir='ltr'><strong><em>Κοισύρας.</em></strong></span> 
     </span>
    </p>

    <p class='ocr_par' dir='ltr' id='par_1_5' title="bbox 318 1604 1542 2021">
     <span class='ocr_line' id='line_1_6' title="bbox 399 1604 1395 1683; baseline -0.002 -18"><span class='ocrx_word' id='word_1_29' title='bbox 399 1605 447 1667; x_wconf 75' lang='lat' dir='ltr'>A:</span> <span class='ocrx_word' id='word_1_30' title='bbox 1082 1611 1159 1663; x_wconf 83' lang='grc' dir='ltr'><strong><em>τῶν</em></strong></span> <span class='ocrx_word' id='word_1_31' title='bbox 1181 1604 1395 1683; x_wconf 82' lang='grc' dir='ltr'><strong><em>Κοισύρας.</em></strong></span> 
     </span>
     <span class='ocr_line' id='line_1_7' title="bbox 321 1715 1541 1793; baseline 0.002 -17"><span class='ocrx_word' id='word_1_32' title='bbox 321 1717 547 1778; x_wconf 75' lang='grc' dir='ltr'><strong><em>Επνλλονίλινο</em></strong></span> <span class='ocrx_word' id='word_1_33' title='bbox 563 1717 714 1793; x_wconf 68' lang='lat' dir='ltr'>lactucae</span> <span class='ocrx_word' id='word_1_34' title='bbox 737 1721 784 1788; x_wconf 82' lang='lat' dir='ltr'>(ci)</span> <span class='ocrx_word' id='word_1_35' title='bbox 805 1715 938 1793; x_wconf 74' lang='lat' dir='ltr'>Corcyra</span> <span class='ocrx_word' id='word_1_36' title='bbox 952 1721 1057 1778; x_wconf 71' lang='lat' dir='ltr'>carm.</span> <span class='ocrx_word' id='word_1_37' title='bbox 1078 1751 1119 1761; x_wconf 93' lang='lat'>-—</span> <span class='ocrx_word' id='word_1_38' title='bbox 1141 1718 1266 1778; x_wconf 81' lang='lat' dir='ltr'><strong>Vitium</strong></span> <span class='ocrx_word' id='word_1_39' title='bbox 1286 1717 1415 1793; x_wconf 83' lang='lat' dir='ltr'>peperit</span> <span class='ocrx_word' id='word_1_40' title='bbox 1432 1718 1541 1793; x_wconf 91' lang='lat' dir='ltr'>opinio</span> 
     </span>
     <span class='ocr_line' id='line_1_8' title="bbox 320 1830 1542 1915; baseline 0.002 -25"><span class='ocrx_word' id='word_1_41' title='bbox 320 1847 425 1892; x_wconf 88' lang='lat' dir='ltr'>eorum</span> <span class='ocrx_word' id='word_1_42' title='bbox 446 1833 503 1906; x_wconf 87' lang='lat' dir='ltr'>qui</span> <span class='ocrx_word' id='word_1_43' title='bbox 521 1831 750 1908; x_wconf 83' lang='lat' dir='ltr'>Phidippidem</span> <span class='ocrx_word' id='word_1_44' title='bbox 771 1847 829 1906; x_wconf 92' lang='lat' dir='ltr'>pro</span> <span class='ocrx_word' id='word_1_45' title='bbox 849 1831 1009 1892; x_wconf 79' lang='lat' dir='ltr'><strong><em>Alcibiade</em></strong></span> <span class='ocrx_word' id='word_1_46' title='bbox 1024 1846 1099 1893; x_wconf 87' lang='lat' dir='ltr'>esee</span> <span class='ocrx_word' id='word_1_47' title='bbox 1111 1833 1321 1904; x_wconf 81' lang='lat' dir='ltr'>statuerunt;</span> <span class='ocrx_word' id='word_1_48' title='bbox 1334 1832 1368 1915; x_wconf 78' lang='lat' dir='ltr'>hi</span> <span class='ocrx_word' id='word_1_49' title='bbox 1381 1830 1542 1906; x_wconf 81' lang='lat' dir='ltr'>cossyrae</span> 
     </span>
     <span class='ocr_line' id='line_1_9' title="bbox 318 1945 1541 2021; baseline 0.003 -17"><span class='ocrx_word' id='word_1_50' title='bbox 318 1959 432 2007; x_wconf 90' lang='lat' dir='ltr'>nomen</span> <span class='ocrx_word' id='word_1_51' title='bbox 458 1979 498 1989; x_wconf 93' lang='lat'>-</span> <span class='ocrx_word' id='word_1_52' title='bbox 524 1945 679 2021; x_wconf 83' lang='lat' dir='ltr'>quicquid</span> <span class='ocrx_word' id='word_1_53' title='bbox 702 1945 736 2005; x_wconf 92' lang='lat' dir='ltr'>id</span> <span class='ocrx_word' id='word_1_54' title='bbox 759 1946 811 2005; x_wconf 91' lang='lat' dir='ltr'>est</span> <span class='ocrx_word' id='word_1_55' title='bbox 836 1977 876 1988; x_wconf 92' lang='lat'>-</span> <span class='ocrx_word' id='word_1_56' title='bbox 902 1946 1004 2006; x_wconf 89' lang='lat' dir='ltr'>etiam</span> <span class='ocrx_word' id='word_1_57' title='bbox 1028 1946 1112 2007; x_wconf 88' lang='lat' dir='ltr'>Nub.</span> <span class='ocrx_word' id='word_1_58' title='bbox 1137 1946 1180 2005; x_wconf 81' lang='lat'>48</span> <span class='ocrx_word' id='word_1_59' title='bbox 1204 1946 1338 2006; x_wconf 85' lang='lat' dir='ltr'>obvium</span> <span class='ocrx_word' id='word_1_60' title='bbox 1357 1947 1421 2006; x_wconf 90' lang='lat' dir='ltr'>huc</span> <span class='ocrx_word' id='word_1_61' title='bbox 1439 1950 1541 2008; x_wconf 87' lang='lat' dir='ltr'>rettu-</span> 
     </span>
    </p>
   </div>
   <div class='ocr_carea' id='block_1_3' title="bbox 317 2045 1518 2194">
    <p class='ocr_par' dir='ltr' id='par_1_6' title="bbox 317 2045 1518 2194">
     <span class='ocr_line' id='line_1_10' title="bbox 317 2045 1518 2194; baseline 0.002 -22"><span class='ocrx_word' id='word_1_62' title='bbox 317 2113 436 2175; x_wconf 88' lang='lat' dir='ltr'>lerunt:</span> <span class='ocrx_word' id='word_1_63' title='bbox 462 2121 618 2194; x_wconf 70' lang='grc' dir='ltr'><strong><em>γυναικῶν</em></strong></span> <span class='ocrx_word' id='word_1_64' title='bbox 629 2045 802 2192; x_wconf 47' lang='lat' dir='ltr'>meam</span> <span class='ocrx_word' id='word_1_65' title='bbox 827 2113 930 2175; x_wconf 86' lang='lat' dir='ltr'>Poeta</span> <span class='ocrx_word' id='word_1_66' title='bbox 952 2115 1066 2175; x_wconf 88' lang='lat' dir='ltr'>eutem</span> <span class='ocrx_word' id='word_1_67' title='bbox 1090 2115 1251 2175; x_wconf 91' lang='lat' dir='ltr'>eiusmodi</span> <span class='ocrx_word' id='word_1_68' title='bbox 1270 2113 1348 2187; x_wconf 88' lang='lat' dir='ltr'>quid</span> <span class='ocrx_word' id='word_1_69' title='bbox 1366 2113 1518 2175; x_wconf 81' lang='lat' dir='ltr'>dederat:</span> 
     </span>
    </p>
   </div>
   <div class='ocr_carea' id='block_1_4' title="bbox 309 2221 1543 3101">
    <p class='ocr_par' dir='ltr' id='par_1_7' title="bbox 315 2221 1543 2532">
     <span class='ocr_line' id='line_1_11' title="bbox 487 2221 1357 2306; baseline 0.002 -21"><span class='ocrx_word' id='word_1_70' title='bbox 487 2221 542 2286; x_wconf 78' lang='grc' dir='ltr'><strong><em>ἔστ’</em></strong></span> <span class='ocrx_word' id='word_1_71' title='bbox 569 2224 601 2286; x_wconf 84' lang='grc' dir='ltr'>έιι</span> <span class='ocrx_word' id='word_1_72' title='bbox 622 2234 778 2306; x_wconf 75' lang='grc' dir='ltr'><strong><em>γυναικῶν</em></strong></span> <span class='ocrx_word' id='word_1_73' title='bbox 801 2224 954 2303; x_wconf 77' lang='grc' dir='ltr'><strong><em>εὐπτέρων</em></strong></span> <span class='ocrx_word' id='word_1_74' title='bbox 977 2225 1357 2306; x_wconf 55' lang='lat' dir='ltr'>eulampium&gt;</span> 
     </span>
     <span class='ocr_line' id='line_1_12' title="bbox 315 2341 1543 2419; baseline 0.002 -19"><span class='ocrx_word' id='word_1_75' title='bbox 315 2341 652 2417; x_wconf 84' lang='lat' dir='ltr'>interpretamentum</span> <span class='ocrx_word' id='word_1_76' title='bbox 691 2344 869 2417; x_wconf 84' lang='lat' dir='ltr'>postquam</span> <span class='ocrx_word' id='word_1_77' title='bbox 905 2346 1037 2402; x_wconf 84' lang='lat' dir='ltr'>textum</span> <span class='ocrx_word' id='word_1_78' title='bbox 1074 2343 1213 2419; x_wconf 86' lang='lat' dir='ltr'>invasit,</span> <span class='ocrx_word' id='word_1_79' title='bbox 1247 2344 1346 2418; x_wconf 90' lang='lat' dir='ltr'>periit</span> <span class='ocrx_word' id='word_1_80' title='bbox 1379 2343 1543 2418; x_wconf 80' lang='lat' dir='ltr'>genuinus</span> 
     </span>
     <span class='ocr_line' id='line_1_13' title="bbox 315 2454 1374 2532; baseline 0.005 -19"><span class='ocrx_word' id='word_1_81' title='bbox 315 2455 456 2516; x_wconf 80' lang='lat' dir='ltr'>trimetri</span> <span class='ocrx_word' id='word_1_82' title='bbox 479 2456 602 2532; x_wconf 86' lang='lat' dir='ltr'>exitus,</span> <span class='ocrx_word' id='word_1_83' title='bbox 626 2457 665 2516; x_wconf 94' lang='lat' dir='ltr'>ut</span> <span class='ocrx_word' id='word_1_84' title='bbox 688 2454 775 2516; x_wconf 86' lang='lat' dir='ltr'>Plut.</span> <span class='ocrx_word' id='word_1_85' title='bbox 802 2457 877 2532; x_wconf 83' lang='lat'>148,</span> <span class='ocrx_word' id='word_1_86' title='bbox 901 2470 1001 2530; x_wconf 86' lang='lat' dir='ltr'>quem</span> <span class='ocrx_word' id='word_1_87' title='bbox 1023 2472 1126 2532; x_wconf 86' lang='lat' dir='ltr'>supra</span> <span class='ocrx_word' id='word_1_88' title='bbox 1148 2457 1324 2532; x_wconf 79' lang='lat' dir='ltr'>tetigimus</span> <span class='ocrx_word' id='word_1_89' title='bbox 1341 2454 1374 2529; x_wconf 89' lang='lat'>¹).</span> 
     </span>
    </p>

    <p class='ocr_par' dir='ltr' id='par_1_8' title="bbox 353 2568 1063 2645">
     <span class='ocr_line' id='line_1_14' title="bbox 353 2568 1063 2645; baseline 0.003 -17"><span class='ocrx_word' id='word_1_90' title='bbox 353 2568 469 2630; x_wconf 82' lang='lat' dir='ltr'>Simile</span> <span class='ocrx_word' id='word_1_91' title='bbox 494 2570 571 2644; x_wconf 89' lang='lat' dir='ltr'>quid</span> <span class='ocrx_word' id='word_1_92' title='bbox 594 2584 772 2645; x_wconf 88' lang='lat' dir='ltr'>perpessus</span> <span class='ocrx_word' id='word_1_93' title='bbox 795 2571 849 2631; x_wconf 90' lang='lat' dir='ltr'>est</span> <span class='ocrx_word' id='word_1_94' title='bbox 871 2570 953 2631; x_wconf 85' lang='lat' dir='ltr'>Ach.</span> <span class='ocrx_word' id='word_1_95' title='bbox 978 2571 1063 2630; x_wconf 79' lang='lat'>504:</span> 
     </span>
    </p>

    <p class='ocr_par' dir='ltr' id='par_1_9' title="bbox 488 2678 1340 2768">
     <span class='ocr_line' id='line_1_15' title="bbox 488 2678 1340 2768; baseline -0.001 -26"><span class='ocrx_word' id='word_1_96' title='bbox 488 2680 576 2743; x_wconf 78' lang='grc' dir='ltr'><strong><em>οὐτολ</em></strong></span> <span class='ocrx_word' id='word_1_97' title='bbox 599 2681 656 2762; x_wconf 77' lang='grc' dir='ltr'>γάρ</span> <span class='ocrx_word' id='word_1_98' title='bbox 679 2680 768 2760; x_wconf 76' lang='grc' dir='ltr'><strong><em>ἐσμεν</em></strong></span> <span class='ocrx_word' id='word_1_99' title='bbox 792 2680 888 2742; x_wconf 74' lang='lat' dir='ltr'>cici</span> <span class='ocrx_word' id='word_1_100' title='bbox 912 2684 1074 2768; x_wconf 79' lang='grc' dir='ltr'><strong><em>Ληναίῳ</em></strong></span> <span class='ocrx_word' id='word_1_101' title='bbox 1099 2678 1124 2742; x_wconf 90' lang='grc' dir='ltr'>τ’</span> <span class='ocrx_word' id='word_1_102' title='bbox 1150 2680 1266 2762; x_wconf 76' lang='grc' dir='ltr'><strong><em>ἀγών,</em></strong></span> <span class='ocrx_word' id='word_1_103' title='bbox 1337 2695 1340 2702; x_wconf 90' lang='grc'><strong>“</strong></span> 
     </span>
    </p>

    <p class='ocr_par' dir='ltr' id='par_1_10' title="bbox 309 2793 1540 3101">
     <span class='ocr_line' id='line_1_16' title="bbox 490 2793 873 2874; baseline -0.008 -17"><span class='ocrx_word' id='word_1_104' title='bbox 490 2793 596 2857; x_wconf 71' lang='grc' dir='ltr'>κοῦπω</span> <span class='ocrx_word' id='word_1_105' title='bbox 621 2793 701 2868; x_wconf 83' lang='grc' dir='ltr'><strong><em>ξένοι</em></strong></span> <span class='ocrx_word' id='word_1_106' title='bbox 723 2795 873 2874; x_wconf 80' lang='grc' dir='ltr'><strong><em>πάρεισιν.</em></strong></span> 
     </span>
     <span class='ocr_line' id='line_1_17' title="bbox 309 2911 1540 2988; baseline 0.003 -18"><span class='ocrx_word' id='word_1_107' title='bbox 309 2911 430 2984; x_wconf 77' lang='lat' dir='ltr'>Aperte</span> <span class='ocrx_word' id='word_1_108' title='bbox 453 2911 577 2971; x_wconf 85' lang='lat' dir='ltr'>vitiosa</span> <span class='ocrx_word' id='word_1_109' title='bbox 599 2912 696 2986; x_wconf 89' lang='lat' dir='ltr'>haec;</span> <span class='ocrx_word' id='word_1_110' title='bbox 721 2911 851 2972; x_wconf 85' lang='lat' dir='ltr'>Lenaea</span> <span class='ocrx_word' id='word_1_111' title='bbox 870 2912 982 2972; x_wconf 91' lang='lat' dir='ltr'>autem</span> <span class='ocrx_word' id='word_1_112' title='bbox 1002 2911 1071 2986; x_wconf 78' lang='lat' dir='ltr'>egi,</span> <span class='ocrx_word' id='word_1_113' title='bbox 1094 2911 1134 2971; x_wconf 86' lang='lat' dir='ltr'>ad</span> <span class='ocrx_word' id='word_1_114' title='bbox 1154 2911 1321 2972; x_wconf 79' lang='lat' dir='ltr'>Lenaeum</span> <span class='ocrx_word' id='word_1_115' title='bbox 1334 2914 1540 2988; x_wconf 79' lang='lat' dir='ltr'>spectatores</span> 
     </span>
     <span class='ocr_line' id='line_1_18' title="bbox 309 3023 1540 3101; baseline 0.002 -18"><span class='ocrx_word' id='word_1_116' title='bbox 309 3023 432 3100; x_wconf 84' lang='lat' dir='ltr'>sedere,</span> <span class='ocrx_word' id='word_1_117' title='bbox 468 3039 488 3084; x_wconf 93' lang='lat' dir='ltr'>a</span> <span class='ocrx_word' id='word_1_118' title='bbox 521 3026 618 3100; x_wconf 84' lang='lat' dir='ltr'>poeta</span> <span class='ocrx_word' id='word_1_119' title='bbox 652 3039 709 3085; x_wconf 88' lang='lat' dir='ltr'>eos</span> <span class='ocrx_word' id='word_1_120' title='bbox 742 3025 851 3085; x_wconf 87' lang='lat' dir='ltr'>doceri</span> <span class='ocrx_word' id='word_1_121' title='bbox 886 3024 1026 3085; x_wconf 89' lang='lat' dir='ltr'>minime</span> <span class='ocrx_word' id='word_1_122' title='bbox 1056 3025 1212 3099; x_wconf 91' lang='lat' dir='ltr'>oportuit.</span> <span class='ocrx_word' id='word_1_123' title='bbox 1243 3025 1411 3086; x_wconf 78' lang='lat' dir='ltr'>Reddatur</span> <span class='ocrx_word' id='word_1_124' title='bbox 1440 3027 1540 3101; x_wconf 80' lang='lat' dir='ltr'>igitur</span> 
     </span>
    </p>
   </div>
   <div class='ocr_carea' id='block_1_5' title="bbox 308 3134 1161 3296">
    <p class='ocr_par' dir='ltr' id='par_1_11' title="bbox 308 3134 1161 3296">
     <span class='ocr_line' id='line_1_19' title="bbox 308 3134 1161 3222; baseline 0.002 -27"><span class='ocrx_word' id='word_1_125' title='bbox 308 3136 482 3212; x_wconf 86' lang='lat' dir='ltr'>interpreti</span> <span class='ocrx_word' id='word_1_126' title='bbox 505 3136 586 3199; x_wconf 89' lang='lat' dir='ltr'>iilud</span> <span class='ocrx_word' id='word_1_127' title='bbox 609 3134 659 3196; x_wconf 81' lang='grc' dir='ltr'>λπλ</span> <span class='ocrx_word' id='word_1_128' title='bbox 682 3137 827 3222; x_wconf 74' lang='grc' dir='ltr'><strong><em>Ληναίῳ,</em></strong></span> <span class='ocrx_word' id='word_1_129' title='bbox 850 3141 885 3198; x_wconf 93' lang='lat' dir='ltr'>et</span> <span class='ocrx_word' id='word_1_130' title='bbox 906 3138 957 3198; x_wconf 91' lang='lat' dir='ltr'>sic</span> <span class='ocrx_word' id='word_1_131' title='bbox 980 3137 1161 3198; x_wconf 84' lang='lat' dir='ltr'>scribatur:</span> 
     </span>
     <span class='ocr_line' id='line_1_20' title="bbox 926 3239 1073 3296; baseline 0 -14"><span class='ocrx_word' id='word_1_132' title='bbox 926 3239 963 3283; x_wconf 70' lang='grc' dir='ltr'><strong><em>τοι</em></strong></span> <span class='ocrx_word' id='word_1_133' title='bbox 985 3240 1073 3296; x_wconf 56' lang='lat' dir='ltr'>rivere</span> 
     </span>
    </p>
   </div>
   <div class='ocr_carea' id='block_1_6' title="bbox 304 3299 1539 4179">
    <p class='ocr_par' dir='ltr' id='par_1_12' title="bbox 529 3299 1327 3498">
     <span class='ocr_line' id='line_1_21' title="bbox 529 3299 1327 3386; baseline 0.004 -20"><span class='ocrx_word' id='word_1_134' title='bbox 529 3303 617 3366; x_wconf 72' lang='lat' dir='ltr'>edroi</span> <span class='ocrx_word' id='word_1_135' title='bbox 639 3305 696 3386; x_wconf 73' lang='grc' dir='ltr'>γάρ</span> <span class='ocrx_word' id='word_1_136' title='bbox 722 3304 810 3384; x_wconf 74' lang='grc' dir='ltr'><strong><em>ἐσμεν</em></strong></span> <span class='ocrx_word' id='word_1_137' title='bbox 834 3299 956 3385; x_wconf 77' lang='grc' dir='ltr'><strong><em>οὗπερ</em></strong></span> <span class='ocrx_word' id='word_1_138' title='bbox 980 3302 1084 3386; x_wconf 76' lang='grc' dir='ltr'><strong><em>ἁγών</em></strong></span> <span class='ocrx_word' id='word_1_139' title='bbox 1111 3303 1202 3370; x_wconf 85' lang='grc' dir='ltr'><strong><em>(έοτι</em></strong></span> <span class='ocrx_word' id='word_1_140' title='bbox 1223 3313 1327 3383; x_wconf 81' lang='grc' dir='ltr'><strong><em>νῦν),</em></strong></span> 
     </span>
     <span class='ocr_line' id='line_1_22' title="bbox 530 3415 913 3498; baseline 0 -20"><span class='ocrx_word' id='word_1_141' title='bbox 530 3415 636 3479; x_wconf 69' lang='grc' dir='ltr'>κοῦπω</span> <span class='ocrx_word' id='word_1_142' title='bbox 660 3416 742 3491; x_wconf 82' lang='grc' dir='ltr'><strong><em>ξένοι</em></strong></span> <span class='ocrx_word' id='word_1_143' title='bbox 765 3419 913 3498; x_wconf 80' lang='grc' dir='ltr'><strong><em>πάρεισιν.</em></strong></span> 
     </span>
    </p>

    <p class='ocr_par' dir='ltr' id='par_1_13' title="bbox 305 3530 1537 3844">
     <span class='ocr_line' id='line_1_23' title="bbox 346 3530 1537 3621; baseline 0.002 -31"><span class='ocrx_word' id='word_1_144' title='bbox 346 3530 462 3593; x_wconf 82' lang='lat' dir='ltr'>Tenue</span> <span class='ocrx_word' id='word_1_145' title='bbox 485 3533 560 3592; x_wconf 89' lang='lat' dir='ltr'>vitii</span> <span class='ocrx_word' id='word_1_146' title='bbox 578 3533 737 3594; x_wconf 87' lang='lat' dir='ltr'>indicium</span> <span class='ocrx_word' id='word_1_147' title='bbox 758 3534 903 3594; x_wconf 78' lang='lat' dir='ltr'>tortasse</span> <span class='ocrx_word' id='word_1_148' title='bbox 918 3535 1032 3595; x_wconf 84' lang='lat' dir='ltr'>servet</span> <span class='ocrx_word' id='word_1_149' title='bbox 1046 3534 1251 3621; x_wconf 84' lang='lat' dir='ltr'>Ravennatis</span> <span class='ocrx_word' id='word_1_150' title='bbox 1263 3532 1361 3594; x_wconf 87' lang='lat' dir='ltr'>lectio</span> <span class='ocrx_word' id='word_1_151' title='bbox 1380 3533 1537 3611; x_wconf 78' lang='grc' dir='ltr'><strong><em>ληνοίο.</em></strong></span> 
     </span>
     <span class='ocr_line' id='line_1_24' title="bbox 306 3643 1536 3728; baseline 0.005 -26"><span class='ocrx_word' id='word_1_152' title='bbox 306 3643 390 3704; x_wconf 86' lang='lat' dir='ltr'>Nam</span> <span class='ocrx_word' id='word_1_153' title='bbox 412 3647 446 3706; x_wconf 90' lang='lat' dir='ltr'>in</span> <span class='ocrx_word' id='word_1_154' title='bbox 465 3647 548 3722; x_wconf 89' lang='lat' dir='ltr'>ipsis</span> <span class='ocrx_word' id='word_1_155' title='bbox 569 3649 688 3721; x_wconf 84' lang='lat' dir='ltr'>poetae</span> <span class='ocrx_word' id='word_1_156' title='bbox 708 3646 819 3708; x_wconf 87' lang='lat' dir='ltr'>verbis</span> <span class='ocrx_word' id='word_1_157' title='bbox 840 3648 908 3708; x_wconf 91' lang='lat' dir='ltr'>iota</span> <span class='ocrx_word' id='word_1_158' title='bbox 930 3649 1145 3724; x_wconf 76' lang='lat' dir='ltr'>„quiescens”</span> <span class='ocrx_word' id='word_1_159' title='bbox 1165 3648 1251 3708; x_wconf 88' lang='lat' dir='ltr'>setis</span> <span class='ocrx_word' id='word_1_160' title='bbox 1270 3645 1411 3708; x_wconf 88' lang='lat' dir='ltr'>fideiiter</span> <span class='ocrx_word' id='word_1_161' title='bbox 1425 3647 1536 3728; x_wconf 85' lang='lat' dir='ltr'>scribi,</span> 
     </span>
     <span class='ocr_line' id='line_1_25' title="bbox 305 3756 1259 3844; baseline 0.004 -27"><span class='ocrx_word' id='word_1_162' title='bbox 305 3756 336 3817; x_wconf 91' lang='lat' dir='ltr'>in</span> <span class='ocrx_word' id='word_1_163' title='bbox 359 3759 584 3835; x_wconf 88' lang='lat' dir='ltr'>interpretum</span> <span class='ocrx_word' id='word_1_164' title='bbox 608 3775 687 3822; x_wconf 88' lang='lat' dir='ltr'>vero</span> <span class='ocrx_word' id='word_1_165' title='bbox 711 3760 838 3821; x_wconf 87' lang='lat' dir='ltr'>notulis</span> <span class='ocrx_word' id='word_1_166' title='bbox 861 3761 990 3836; x_wconf 84' lang='lat' dir='ltr'>passim</span> <span class='ocrx_word' id='word_1_167' title='bbox 1014 3762 1126 3822; x_wconf 91' lang='lat' dir='ltr'>omitti</span> <span class='ocrx_word' id='word_1_168' title='bbox 1149 3761 1259 3844; x_wconf 85' lang='lat' dir='ltr'>solet.¹</span> 
     </span>
    </p>

    <p class='ocr_par' dir='ltr' id='par_1_14' title="bbox 304 3871 1539 4074">
     <span class='ocr_line' id='line_1_26' title="bbox 345 3871 1539 3949; baseline 0.003 -17"><span class='ocrx_word' id='word_1_169' title='bbox 345 3871 460 3934; x_wconf 80' lang='lat' dir='ltr'>Etiam</span> <span class='ocrx_word' id='word_1_170' title='bbox 503 3873 639 3934; x_wconf 77' lang='lat' dir='ltr'>Thesm.</span> <span class='ocrx_word' id='word_1_171' title='bbox 676 3874 740 3934; x_wconf 86' lang='grc'>289</span> <span class='ocrx_word' id='word_1_172' title='bbox 772 3874 822 3934; x_wconf 88' lang='lat' dir='ltr'>eie</span> <span class='ocrx_word' id='word_1_173' title='bbox 851 3874 1085 3949; x_wconf 83' lang='lat' dir='ltr'>expediendus.</span> <span class='ocrx_word' id='word_1_174' title='bbox 1116 3873 1180 3935; x_wconf 89' lang='lat' dir='ltr'>Ubi</span> <span class='ocrx_word' id='word_1_175' title='bbox 1209 3874 1377 3948; x_wconf 80' lang='lat' dir='ltr'>Euripidis</span> <span class='ocrx_word' id='word_1_176' title='bbox 1414 3877 1539 3936; x_wconf 86' lang='lat' dir='ltr'>sodaiis</span> 
     </span>
     <span class='ocr_line' id='line_1_27' title="bbox 304 3987 1508 4074; baseline 0.005 -30"><span class='ocrx_word' id='word_1_177' title='bbox 304 3987 496 4048; x_wconf 87' lang='lat' dir='ltr'>matronam</span> <span class='ocrx_word' id='word_1_178' title='bbox 521 3987 642 4074; x_wconf 80' lang='lat' dir='ltr'>festive</span> <span class='ocrx_word' id='word_1_179' title='bbox 666 3988 821 4049; x_wconf 88' lang='lat' dir='ltr'>imitatus</span> <span class='ocrx_word' id='word_1_180' title='bbox 845 3987 1006 4050; x_wconf 72' lang='lat' dir='ltr'>atterere</span> <span class='ocrx_word' id='word_1_181' title='bbox 1030 3991 1064 4050; x_wconf 90' lang='lat' dir='ltr'>et</span> <span class='ocrx_word' id='word_1_182' title='bbox 1087 3988 1153 4049; x_wconf 85' lang='lat' dir='ltr'>alia</span> <span class='ocrx_word' id='word_1_183' title='bbox 1176 3992 1332 4063; x_wconf 87' lang='lat' dir='ltr'>precatur</span> <span class='ocrx_word' id='word_1_184' title='bbox 1354 3992 1387 4048; x_wconf 89' lang='lat' dir='ltr'>et</span> <span class='ocrx_word' id='word_1_185' title='bbox 1411 3990 1508 4050; x_wconf 85' lang='lat' dir='ltr'>haec:</span> 
     </span>
    </p>

    <p class='ocr_par' dir='ltr' id='par_1_15' title="bbox 785 4098 1183 4179">
     <span class='ocr_line' id='line_1_28' title="bbox 785 4098 1183 4179; baseline 0 -19"><span class='ocrx_word' id='word_1_186' title='bbox 785 4099 882 4161; x_wconf 77' lang='grc' dir='ltr'><strong><em>πολλὰ</em></strong></span> <span class='ocrx_word' id='word_1_187' title='bbox 905 4100 1049 4173; x_wconf 76' lang='grc' dir='ltr'><strong><em>πολλάκις</em></strong></span> <span class='ocrx_word' id='word_1_188' title='bbox 1074 4098 1111 4179; x_wconf 84' lang='grc' dir='ltr'>μέ</span> <span class='ocrx_word' id='word_1_189' title='bbox 1133 4118 1183 4160; x_wconf 84' lang='grc' dir='ltr'>σοι</span> 
     </span>
    </p>
   </div>
   <div class='ocr_carea' id='block_1_7' title="bbox 528 4211 1290 4300">
    <p class='ocr_par' dir='ltr' id='par_1_16' title="bbox 528 4211 1290 4300">
     <span class='ocr_line' id='line_1_29' title="bbox 528 4211 1290 4300; baseline -0.001 -26"><span class='ocrx_word' id='word_1_190' title='bbox 528 4214 621 4275; x_wconf 79' lang='grc' dir='ltr'><strong><em>θύειν</em></strong></span> <span class='ocrx_word' id='word_1_191' title='bbox 643 4213 779 4300; x_wconf 76' lang='grc' dir='ltr'><strong><em>ἔχουσαν·</em></strong></span> <span class='ocrx_word' id='word_1_192' title='bbox 805 4213 833 4274; x_wconf 81' lang='grc' dir='ltr'>ελ</span> <span class='ocrx_word' id='word_1_193' title='bbox 854 4211 888 4274; x_wconf 78' lang='grc' dir='ltr'>δέ</span> <span class='ocrx_word' id='word_1_194' title='bbox 911 4214 968 4292; x_wconf 81' lang='grc' dir='ltr'>μή,</span> <span class='ocrx_word' id='word_1_195' title='bbox 993 4212 1067 4274; x_wconf 83' lang='grc' dir='ltr'><strong><em>ἀλλὰ</em></strong></span> <span class='ocrx_word' id='word_1_196' title='bbox 1090 4222 1149 4275; x_wconf 79' lang='grc' dir='ltr'>νῦν</span> <span class='ocrx_word' id='word_1_197' title='bbox 1172 4218 1290 4274; x_wconf 76' lang='grc' dir='ltr'><strong><em>λαθεῖν.</em></strong></span> 
     </span>
    </p>
   </div>
   <div class='ocr_carea' id='block_1_8' title="bbox 299 4324 1538 4863">
    <p class='ocr_par' dir='ltr' id='par_1_17' title="bbox 299 4324 1538 4863">
     <span class='ocr_line' id='line_1_30' title="bbox 528 4324 1380 4409; baseline -0.001 -22"><span class='ocrx_word' id='word_1_198' title='bbox 528 4324 579 4387; x_wconf 81' lang='grc' dir='ltr'>πολ</span> <span class='ocrx_word' id='word_1_199' title='bbox 601 4325 655 4405; x_wconf 73' lang='grc' dir='ltr'><strong><em>τὴν</em></strong></span> <span class='ocrx_word' id='word_1_200' title='bbox 680 4325 882 4409; x_wconf 75' lang='grc' dir='ltr'><strong><em>θυγατέροιν</em></strong></span> <span class='ocrx_word' id='word_1_201' title='bbox 904 4331 1043 4407; x_wconf 82' lang='grc' dir='ltr'><strong><em>χοῖρον</em></strong></span> <span class='ocrx_word' id='word_1_202' title='bbox 1066 4325 1179 4407; x_wconf 79' lang='grc' dir='ltr'><strong><em>ἀνδρός</em></strong></span> <span class='ocrx_word' id='word_1_203' title='bbox 1202 4350 1254 4405; x_wconf 84' lang='grc' dir='ltr'>μοι</span> <span class='ocrx_word' id='word_1_204' title='bbox 1278 4328 1380 4388; x_wconf 81' lang='grc' dir='ltr'><strong><em>δονεῖν</em></strong></span> 
     </span>
     <span class='ocr_line' id='line_1_31' title="bbox 530 4439 815 4513; baseline 0.004 -14"><span class='ocrx_word' id='word_1_205' title='bbox 530 4444 735 4513; x_wconf 79' lang='grc' dir='ltr'><strong><em>πλουτοῦντος</em></strong></span> <span class='ocrx_word' id='word_1_206' title='bbox 757 4439 815 4502; x_wconf 65' lang='lat' dir='ltr'>nri.</span> 
     </span>
     <span class='ocr_line' id='line_1_32' title="bbox 301 4551 1538 4639; baseline 0.005 -29"><span class='ocrx_word' id='word_1_207' title='bbox 301 4551 355 4612; x_wconf 83' lang='lat' dir='ltr'>Sic</span> <span class='ocrx_word' id='word_1_208' title='bbox 379 4552 524 4614; x_wconf 88' lang='lat' dir='ltr'>ultimus</span> <span class='ocrx_word' id='word_1_209' title='bbox 548 4570 666 4617; x_wconf 86' lang='lat' dir='ltr'>versus</span> <span class='ocrx_word' id='word_1_210' title='bbox 689 4556 835 4631; x_wconf 88' lang='lat' dir='ltr'>scriptus</span> <span class='ocrx_word' id='word_1_211' title='bbox 859 4555 893 4616; x_wconf 94' lang='lat' dir='ltr'>in</span> <span class='ocrx_word' id='word_1_212' title='bbox 913 4555 1011 4639; x_wconf 81' lang='lat' dir='ltr'>unice</span> <span class='ocrx_word' id='word_1_213' title='bbox 1035 4555 1147 4617; x_wconf 90' lang='lat' dir='ltr'>codice</span> <span class='ocrx_word' id='word_1_214' title='bbox 1169 4556 1206 4617; x_wconf 88' lang='lat' dir='ltr'>R.</span> <span class='ocrx_word' id='word_1_215' title='bbox 1228 4555 1398 4617; x_wconf 80' lang='lat' dir='ltr'>corrector</span> <span class='ocrx_word' id='word_1_216' title='bbox 1416 4556 1538 4616; x_wconf 87' lang='lat' dir='ltr'>delevit</span> 
     </span>
     <span class='ocr_line' id='line_1_33' title="bbox 299 4666 1536 4749; baseline 0.002 -22"><span class='ocrx_word' id='word_1_217' title='bbox 299 4666 453 4729; x_wconf 79' lang='lat' dir='ltr'>litteram</span> <span class='ocrx_word' id='word_1_218' title='bbox 488 4667 623 4731; x_wconf 86' lang='lat' dir='ltr'>finalem</span> <span class='ocrx_word' id='word_1_219' title='bbox 657 4670 749 4732; x_wconf 85' lang='lat' dir='ltr'>vocis</span> <span class='ocrx_word' id='word_1_220' title='bbox 783 4667 960 4749; x_wconf 71' lang='grc' dir='ltr'><strong><em>θυγατέροιν</em></strong></span> <span class='ocrx_word' id='word_1_221' title='bbox 995 4674 1029 4730; x_wconf 91' lang='lat' dir='ltr'>et</span> <span class='ocrx_word' id='word_1_222' title='bbox 1062 4669 1203 4731; x_wconf 87' lang='lat' dir='ltr'>verbum</span> <span class='ocrx_word' id='word_1_223' title='bbox 1236 4669 1347 4746; x_wconf 79' lang='grc' dir='ltr'><strong><em>δοκεῖν,</em></strong></span> <span class='ocrx_word' id='word_1_224' title='bbox 1380 4685 1438 4745; x_wconf 91' lang='lat' dir='ltr'>pro</span> <span class='ocrx_word' id='word_1_225' title='bbox 1472 4685 1536 4744; x_wconf 88' lang='lat' dir='ltr'>quo</span> 
     </span>
     <span class='ocr_line' id='line_1_34' title="bbox 300 4781 1536 4863; baseline 0.001 -21"><span class='ocrx_word' id='word_1_226' title='bbox 300 4781 481 4858; x_wconf 85' lang='lat' dir='ltr'>adscripsit</span> <span class='ocrx_word' id='word_1_227' title='bbox 515 4788 623 4861; x_wconf 82' lang='grc' dir='ltr'><strong><em>τυχεῖν.</em></strong></span> <span class='ocrx_word' id='word_1_228' title='bbox 657 4785 821 4860; x_wconf 82' lang='lat' dir='ltr'>Apertum</span> <span class='ocrx_word' id='word_1_229' title='bbox 857 4783 993 4859; x_wconf 88' lang='lat' dir='ltr'>vitium;</span> <span class='ocrx_word' id='word_1_230' title='bbox 1029 4783 1162 4844; x_wconf 87' lang='lat' dir='ltr'>videtur</span> <span class='ocrx_word' id='word_1_231' title='bbox 1192 4787 1305 4845; x_wconf 92' lang='lat' dir='ltr'>autem</span> <span class='ocrx_word' id='word_1_232' title='bbox 1338 4799 1405 4845; x_wconf 84' lang='lat' dir='ltr'>vex</span> <span class='ocrx_word' id='word_1_233' title='bbox 1435 4789 1536 4863; x_wconf 76' lang='grc' dir='ltr'><strong><em>χοῖρον</em></strong></span> 
     </span>
    </p>
   </div>
   <div class='ocr_carea' id='block_1_9' title="bbox 331 5046 568 5114">
    <p class='ocr_par' dir='ltr' id='par_1_18' title="bbox 331 5046 568 5114">
     <span class='ocr_line' id='line_1_35' title="bbox 331 5046 568 5114; baseline 0.017 -16"><span class='ocrx_word' id='word_1_234' title='bbox 331 5046 352 5112; x_wconf 80' lang='lat'>¹)</span> <span class='ocrx_word' id='word_1_235' title='bbox 371 5049 419 5099; x_wconf 76' lang='lat' dir='ltr'>cl.</span> <span class='ocrx_word' id='word_1_236' title='bbox 433 5065 491 5114; x_wconf 70' lang='lat' dir='ltr'>pag.</span> <span class='ocrx_word' id='word_1_237' title='bbox 509 5054 568 5102; x_wconf 73' lang='lat'>³²8.</span> 
     </span>
    </p>
   </div>
   <div class='ocr_carea' id='block_1_10' title="bbox 0 0 2192 6284">
    <p class='ocr_par' dir='ltr' id='par_1_19' title="bbox 0 0 2192 6284">
     <span class='ocr_line' id='line_1_36' title="bbox 0 0 2192 6284; baseline 0 3"><span class='ocrx_word' id='word_1_238' title='bbox 0 0 2192 6284; x_wconf 95' lang='lat' dir='ltr'> </span> 
     </span>
    </p>
   </div>
  </div>
 </body>
</html>
