4375 6284
739 951 781 996 na
804 951 913 998 πειτα
935 949 1087 996 anenno.
1457 934 1523 995 288

477 1123 605 1202 λήψεται
627 1123 787 1202 τάλαντον,
810 1119 850 1203 ἢν
873 1119 906 1182 δὲ
930 1123 1038 1194 ζῶντα
1062 1120 1187 1203 ἀγάγῃ
1211 1119 1348 1201 τέτταρα,

317 1241 362 1302 ned
382 1241 492 1301 hiatus
515 1242 588 1299 lum
611 1239 748 1299 demum
772 1241 823 1300 est
842 1237 997 1313 expletus
1020 1252 1094 1297 eum
1116 1236 1150 1298 in
1170 1237 1358 1312 fragmento
1378 1238 1527 1316 vetusto,

319 1353 387 1426 quod
408 1353 579 1427 evulgavit
600 1351 702 1427 Weil,
726 1353 859 1426 reperta
882 1353 934 1411 eet
956 1350 1053 1411 lectio
1075 1350 1222 1412 sincera:

767 1461 807 1542 ἣν
831 1459 864 1523 δὲ
888 1457 968 1536 ζῶντ’
996 1460 1203 1543 ἀπαγάγηι
1226 1459 1359 1541 τέτταρα.

353 1577 432 1641 Olim
468 1579 568 1655 igitur
599 1593 617 1640 e
647 1578 770 1640 litteris
798 1579 1144 1638 ΖΩΝΤΑΠΑΓΑΓΗΙ
1175 1578 1259 1640 duae
1292 1577 1529 1653 haplographia

317 1692 551 1756 interciderunt.

350 1806 530 1869 Gemellum
554 1807 677 1867 vitium
700 1805 735 1866 in
754 1804 783 1865 V
803 1807 837 1866 et
854 1805 883 1866 R
906 1807 940 1866 et
959 1804 1077 1866 ceteris
1097 1803 1265 1866 codicibus
1284 1805 1337 1866 est
1354 1804 1429 1864 Pau.
1442 1803 1525 1864 489:
1544 1849 1547 1855 .

479 1919 521 1997 μὰ
544 1914 594 1980 Δί’
622 1913 681 1980 ἀλλ’
708 1917 742 1980 ἒν
766 1918 871 2004 εἰρήνῃ
896 1918 1125 1998 διαγ<αγ>εἴν
1148 1916 1201 1978 τὸν
1224 1917 1305 1997 βίον.

351 2033 494 2111 Denique
516 2035 684 2096 indicatus
707 2036 780 2096 esto
803 2033 935 2095 Theem.
960 2033 1036 2110 494,
1061 2031 1118 2093 ubi
1141 2033 1185 2093 R:

480 2146 535 2227 τὴν
557 2142 658 2226 νύχθ’,
679 2144 777 2208 ἕωθεν
801 2146 920 2224 σκορόδ
930 2145 1163 2225 ιαμασώμεθα,

315 2277 386 2334 quae
408 2265 516 2323 metro
538 2263 644 2324 invite
667 2263 716 2324 sic
738 2262 896 2323 distincta
919 2263 1053 2323 suntin
1076 2261 1228 2322 Iuntina:

480 2372 536 2452 τὴν
559 2369 660 2454 νύχθ’,
681 2371 778 2435 ἕωθεν
802 2375 970 2455 σκορόδια
994 2374 1172 2455 μασώμεθα.

315 2488 473 2562 syllabam
497 2489 719 2565 supplendam
742 2504 818 2550 esse
842 2490 925 2551 vidit
948 2490 1105 2564 Bentley:

682 2599 779 2664 ἕωθεν
803 2603 1005 2683 σκόσο<δα>
1033 2603 1284 2682 διαμασώμεθα.
1327 2651 1330 2656 .

350 2807 520 2868 Addantur
543 2806 668 2868 similia
686 2808 749 2870 duo
770 2807 865 2885 vitia,
888 2822 971 2881 quae
991 2823 1048 2882 per
1059 2806 1325 2884 paradiorthosln
1338 2806 1371 2866 in
1384 2804 1530 2865 deterius

314 2922 479 2994 postmodo
503 2924 582 2982 sunt
605 2924 745 2983 mutata.
770 2923 832 2983 Aa.
859 2924 921 2984 118
945 2923 979 2982 in
1002 2921 1071 2982 VR
1093 2921 1213 2983 celeris
1235 2925 1304 2982 est:

481 3033 533 3094 καὶ
555 3043 614 3114 γῆν
637 3031 778 3096 ἑπέταν
801 3033 867 3095 καὶ
890 3032 959 3112 τὴν
982 3036 1137 3094 θάλατταν
1159 3033 1192 3095 ἐν
1209 3031 1231 3106 ¹)
1254 3036 1362 3121 κύκλῳ,

314 3145 428 3210 Verum
450 3149 670 3209 restituerunt
693 3148 839 3224 Elmsley
863 3152 897 3211 et
918 3149 1007 3210 Beck
1029 3149 1138 3211 deleto
1161 3149 1316 3211 articulo:

481 3259 532 3322 nul
555 3249 613 3341 γ’ῆν
637 3260 861 3328 ἔπέ<κ>του
884 3261 947 3323 καὶ
969 3264 1124 3323 θάλατταν
1146 3261 1180 3324 ἐν
1202 3265 1310 3349 κύκλῳ.

350 3375 617 3450 Nun1276sq.
654 3377 879 3454 strepsiadem
914 3380 948 3439 et
983 3379 1162 3453 Amyniam
1195 3378 1244 3440 sic
1277 3376 1528 3440 confabulantes

313 3487 432 3551 iaciunt
454 3490 522 3550 VR
546 3488 621 3552 alli:

480 3606 567 3662 ΣΤΡ.
590 3603 643 3664 τὸν
666 3601 833 3682 ἐγκέφαλον
857 3603 956 3685 ὥσπερ
979 3606 1137 3666 σεσεῖσθαί
1157 3627 1208 3682 μοι
1232 3605 1339 3678 δοκεῖς.

481 3719 558 3778 ΛΜ.
583 3717 622 3778 σὺ
645 3714 677 3778 δὲ
700 3717 739 3796 νὴ
762 3717 814 3780 τὸν
830 3713 949 3798 Ἑρμῆν
971 3719 1269 3798 nonantulam!
1290 3741 1354 3797 μοι
1377 3719 1522 3790 δοκεῖς.

350 3829 413 3892 Ubi
434 3847 452 3894 e
478 3831 580 3893 suida
602 3832 798 3894 restitutum
822 3835 875 3893 est
897 3847 1031 3894 verum:

830 3945 1229 4024 προσκεκλήσ<εσ>θαί
1249 3941 1273 4027 γ’
1300 3944 1395 4023 ἐμοί.

313 4055 345 4116 In
373 4059 510 4135 vulgata
539 4061 574 4120 et
603 4058 726 4120 misere
755 4058 902 4121 abundat
925 4061 1082 4122 iteratum
1108 4060 1208 4133 δοκεῖς
1231 4064 1264 4122 et
1286 4075 1382 4136 aegre
1405 4060 1528 4120 deside-

312 4175 398 4233 ratur
419 4173 512 4235 notio
534 4173 696 4248 temporie
718 4173 833 4234 futuri.

313 4413 346 4494 2)
367 4417 418 4479 De
440 4418 621 4480 versibus
641 4426 799 4494 prepter
821 4418 1037 4480 vicinorum
1057 4419 1347 4482 similitudinem
1364 4422 1527 4482 omissis.

351 4607 682 4685 Haplographemaiis
716 4609 886 4669 artissime
918 4612 1060 4684 cognata
1090 4611 1171 4670 suut
1201 4611 1298 4686 vitia,
1330 4625 1413 4686 quae
1440 4610 1528 4685 paru

312 4733 461 4783 versuum
497 4722 679 4782 vicinorum
716 4722 838 4782 similis
869 4723 981 4783 exitus
1013 4722 1064 4783 vel
1096 4724 1241 4787 initium.
1272 4724 1413 4786 Librarii
1443 4737 1527 4799 quae

311 4835 501 4911 omiserunt,
527 4835 684 4897 cancellis
707 4835 926 4898 includemus.

342 5036 361 5104 ¹)
377 5043 407 5091 In
423 5045 443 5092 V
460 5047 588 5094 ominentn
605 5049 647 5094 eet
663 5050 695 5102 ὃν,
712 5043 740 5092 in
758 5044 780 5092 R
797 5049 837 5093 eal
855 5051 904 5094 αάλ
905 5063 1003 5095 eeeee
1021 5051 1052 5096 lv.
1068 5049 1120 5098 Sed
1137 5047 1295 5098 lavinium.
