4375 6284
726 992 805 1038 vrrn
828 992 867 1038 nr
890 992 1061 1041 ornamus.
1447 977 1509 1040 163

300 1166 381 1238 arrat;
396 1163 560 1224 scelestus
579 1170 693 1225 autem
712 1163 839 1225 delator
858 1164 992 1238 quidam
1013 1165 1063 1225 ira
1077 1164 1188 1240 prodit
1208 1164 1379 1242 efferatus,
1393 1166 1512 1243 quippe

299 1279 347 1352 qui
376 1279 498 1353 rapinis
528 1276 667 1353 dilapsis
699 1293 822 1353 egenus
852 1278 1030 1354 derepente
1060 1279 1215 1340 evaserit.
1248 1279 1379 1356 Optime
1410 1281 1512 1356 igitur

300 1393 370 1452 haec
391 1392 517 1453 omnial
550 1391 591 1451 Et
620 1391 655 1451 in
678 1390 809 1452 rabulae
833 1392 926 1453 exitu
950 1392 1031 1454 deus
1053 1408 1177 1468 pompa
1200 1392 1354 1454 sollemni
1379 1397 1412 1456 et
1436 1409 1513 1456 vere

298 1505 527 1582 aristophanes
555 1521 574 1566 e
603 1504 773 1580 chremyli
805 1506 943 1567 aedibus
970 1539 1009 1550 -
1036 1522 1120 1580 quae
1152 1522 1231 1568 auro
1265 1506 1333 1568 iam
1357 1511 1389 1570 et
1414 1508 1512 1571 ebore

298 1622 380 1680 totae
406 1619 683 1697 resplendent-
709 1621 883 1682 deducitur
913 1622 948 1681 in
977 1637 1088 1682 arcem
1119 1622 1342 1702 Athenarum,
1375 1624 1512 1699 posthac

299 1733 336 1793 ibi
356 1734 565 1808 habitaturus
588 1734 708 1812 denuo,
733 1738 771 1796 ut
794 1735 932 1797 Periclis
955 1737 1066 1797 aetate
1090 1736 1275 1798 habitavit.
1291 1783 1320 1798 ..

335 1849 393 1909 Sed
422 1849 500 1922 quid
529 1851 604 1910 turn
633 1850 775 1923 postea?
805 1849 937 1910 Satisne
967 1848 1067 1910 multi
1090 1851 1178 1911 iuter
1200 1850 1361 1912 mortales
1385 1866 1511 1912 manse·

298 1965 364 2023 runt
394 1962 551 2038 improbi,
587 1963 642 2038 qui
676 1963 709 2023 in
743 1978 843 2024 usum
876 1963 1051 2039 proborum
1087 1963 1296 2025 laborarent?
1337 1965 1388 2026 An
1422 1964 1512 2026 solas

297 2076 435 2138 Athenas
464 2076 599 2137 visurus
630 2078 682 2137 est
711 2076 903 2153 Opulentiae
934 2077 1016 2138 deus
1046 2080 1080 2136 et
1104 2077 1136 2137 in
1161 2077 1232 2138 sola
1255 2077 1511 2139 Atheniensium

297 2191 421 2252 civitate
444 2191 575 2252 cunctis
597 2193 655 2252 aut
677 2191 868 2252 hominibus
891 2194 949 2252 aut
973 2191 1102 2252 civibus
1125 2191 1237 2253 licebit
1260 2191 1368 2252 beatis
1389 2190 1512 2268 probis·

296 2319 350 2378 que
370 2305 492 2366 otiari?
515 2306 568 2366 An
581 2351 589 2368 .
603 2350 611 2366 .
627 2304 747 2380 ‚quiet
770 2304 938 2365 Hariolari
961 2304 1057 2380 licet,
1082 2319 1147 2366 non
1166 2307 1279 2381 potest
1297 2304 1512 2380 probabiliter

296 2417 485 2494 responderi.
520 2417 690 2479 Profuitne
725 2418 829 2493 igitur
863 2418 977 2493 generi
1011 2418 1159 2479 humano
1192 2419 1387 2480 restitutum
1418 2418 1515 2480 Pluto

295 2532 456 2594 oculorum
481 2546 637 2609 acumen,
661 2547 705 2593 an
728 2531 865 2593 nocuit?
887 2531 928 2592 Et
951 2531 1071 2592 bonum
1093 2532 1171 2606 quid
1191 2531 1251 2614 sit,
1271 2533 1348 2607 quid
1369 2532 1508 2610 malum,

296 2661 355 2719 qua
373 2647 505 2708 ratione
528 2661 594 2721 quo
616 2646 750 2707 modulo
774 2645 913 2721 posthac
936 2644 1121 2707 efficietur?
1143 2646 1216 2708 Non
1239 2646 1353 2722 liquet.

334 2795 371 2806 -
398 2761 572 2839 ,comicus
595 2775 661 2821 non
684 2762 736 2821 est
758 2759 946 2821 obruendus
967 2760 1217 2834 quaestionibus
1240 2761 1409 2822 molestisl
1440 2762 1512 2822 Non

297 2877 361 2948 ,est
380 2875 528 2937 hominis
550 2873 736 2950 prudentis,
762 2873 795 2933 in
818 2872 882 2935 tino
901 2873 1029 2949 lepidae
1046 2873 1179 2935 tabulae
1197 2889 1314 2950 rogare
1333 2890 1512 2949 quemnam

296 2989 485 3062 ‚decursum
527 2991 645 3065 postea
686 2987 863 3049 habuerint
903 3003 971 3064 res,
1013 2987 1053 3050 ds
1087 2988 1206 3063 quibus
1240 2995 1413 3051 narratum
1448 2990 1512 3051 sibi

295 3103 430 3177 „luent”
444 3149 452 3165 .
466 3148 497 3168 ..

331 3217 422 3279 Itane
444 3216 570 3278 nostris
592 3216 741 3292 ipsorum
763 3214 874 3276 verbis
897 3215 1141 3277 admonemur?

331 3333 400 3394 Non
421 3347 581 3407 rogamus
604 3330 686 3392 talla
707 3331 742 3391 in
761 3331 854 3391 exitu
874 3330 1006 3392 tabulae
1024 3333 1135 3392 tersae
1155 3335 1188 3393 et
1206 3332 1381 3409 rotundae,
1402 3331 1511 3407 qualis

291 3449 338 3507 est
370 3449 476 3522 Aves3
511 3447 546 3507 in
574 3461 640 3521 qua
669 3444 748 3507 licet
778 3444 968 3507 ioculariter
990 3443 1069 3506 ficta
1091 3449 1125 3507 st
1146 3460 1283 3521 prorsus
1305 3445 1511 3508 incredibilia

291 3559 355 3620 sint
375 3562 500 3637 omnia,
532 3562 604 3620 reri
626 3564 739 3621 tamen
763 3560 873 3635 specie
896 3559 1039 3634 quadam
1063 3557 1260 3638 pellioimur,
1286 3573 1392 3633 neque
1416 3559 1511 3621 habe·

292 3687 361 3736 mus
389 3676 475 3751 quod
506 3688 683 3750 carpamus
713 3675 746 3733 in
777 3688 889 3735 rerum
918 3673 1136 3748 quantumvis
1159 3672 1380 3734 absurdarum
1402 3689 1511 3736 narra·

291 3787 373 3850 tione
401 3789 529 3866 optime
551 3787 753 3849 cohaerenti.
782 3787 843 3847 Sed
867 3788 958 3847 certo
981 3785 1021 3846 de
1045 3789 1244 3861 argumento
1268 3802 1344 3848 cum
1368 3787 1511 3864 disputa·

291 3903 350 3978 tur,
379 3904 411 3963 id
440 3902 528 3978 quod
559 3902 593 3962 ln
620 3901 834 3963 Feminarum
859 3899 1000 3976 Imperio
1024 3901 1076 3960 est
1100 3900 1227 3962 iactum
1251 3902 1285 3961 et
1307 3914 1395 3962 nunc
1416 3900 1456 3962 flt
1478 3902 1511 3963 in
1620 3967 1621 3971 ,

291 4013 394 4092 Pluto,
425 4031 493 4078 non
515 4017 625 4079 solum
648 4017 885 4094 disputationis
907 4017 1059 4077 tenorem
1082 4029 1281 4091 cognoscere
1304 4015 1456 4091 cupimus
1479 4019 1513 4077 et

290 4131 448 4207 persequi,
484 4132 542 4192 sed
576 4132 678 4193 etiam
713 4132 799 4193 scire
834 4145 897 4204 quo
927 4132 1128 4205 perventum
1159 4131 1204 4192 sit
1235 4130 1387 4205 denique.
1420 4129 1511 4190 'lunc

290 4244 421 4307 minime
451 4245 515 4307 tuit
545 4244 722 4308 obscurum
746 4246 823 4321 quid
846 4246 971 4306 diceret
993 4247 1106 4320 poeta:
1133 4259 1333 4305 vesanorum
1358 4242 1513 4305 videlicet

290 4371 357 4420 esse
379 4360 582 4436 hominum,
600 4375 713 4421 rerum
737 4359 1006 4421 communionem
1031 4361 1162 4434 optars;
1185 4373 1351 4433 -nsque
1374 4358 1461 4419 dixit
1478 4357 1510 4418 id

290 4473 430 4553 tantum,
454 4474 513 4536 sad
537 4477 571 4535 et
592 4474 627 4535 in
649 4475 723 4551 ipsa
744 4472 858 4534 tabula
880 4472 1065 4534 luculenter
1087 4472 1243 4533 ostendit.
1267 4471 1360 4550 Nunc
1383 4487 1513 4547 quoque

291 4587 409 4649 seimus
437 4587 515 4662 quid
545 4587 649 4649 dicat:
675 4587 813 4664 bonum,
845 4601 909 4647 non
934 4585 1061 4646 malum
1084 4600 1159 4646 esse
1181 4588 1430 4661 paupertatem
1454 4585 1512 4646 sed

290 4701 444 4763 stabula
473 4700 559 4763 effici
588 4701 621 4761 id
651 4702 776 4776 nequit.
814 4731 855 4744 -
893 4699 1057 4776 ,abigitis
1086 4714 1142 4760 me
1172 4714 1251 4760 mox
1284 4699 1511 4761 revocaturil”

290 4813 407 4878 clamat
438 4817 499 4878 dea
528 4816 665 4878 Laboris
697 4817 798 4877 minis
827 4816 1010 4890 turritaque
1038 4814 1175 4891 cedens,
1200 4815 1255 4874 sed
1281 4815 1350 4876 lore
1373 4816 1410 4875 ut
1433 4829 1512 4875 mox

290 4935 458 4992 revocetur
485 4946 552 4993 non
583 4933 635 4992 est
663 4931 748 5005 quod
779 4933 951 5007 putamus;
980 4931 1084 4990 immo
1115 4929 1149 4990 in
1179 4929 1381 4991 contrarium
1403 4929 1512 4990 tendit

290 5041 415 5108 tabulae
444 5061 524 5123 pars
545 5048 725 5122 postrema.
749 5045 820 5106 Nisi
842 5045 976 5106 Plutum
1001 5043 1164 5105 eiusmodi
1187 5058 1307 5120 pompa
1325 5043 1359 5103 in
1382 5057 1511 5117 acropo-
