4375 6284
692 986 863 1034 axonam
887 987 929 1033 οτι
952 988 1127 1035 cononum.
1454 974 1515 1034 197

304 1160 449 1247 κωμῳδίας
482 1158 516 1221 τό
550 1156 604 1237 μέν
635 1157 715 1220 ίστιν
745 1156 885 1239 ἀρχαῖον,
915 1158 948 1221 τδ
971 1156 1004 1221 δέ
1034 1157 1121 1239 νέον,
1143 1158 1177 1221 τό
1201 1156 1234 1221 δέ
1256 1157 1356 1239 μέσον.
1381 1158 1519 1240 διαφέρει

304 1268 352 1337 οάν
377 1284 427 1353 τῆς
457 1274 528 1349 νέας
558 1271 578 1353 ἡ
608 1272 724 1335 παλαιά
753 1274 897 1360 κωμῳδία
921 1273 1030 1361 χρόνῳ,
1053 1273 1207 1361 διαλέκτῳ,
1228 1274 1303 1360 ὕλη,
1324 1272 1430 1361 μέτρῳ,
1453 1275 1518 1336 δια-

253 1403 272 1449 11
306 1399 396 1475 σκευῇ.
423 1388 524 1476 χρόνῳ
548 1387 619 1467 μέν,
641 1388 723 1450 καθὸ
745 1385 766 1469 ἡ
789 1385 845 1466 μέν
868 1386 922 1449 νέα
944 1388 992 1451 hcl
1015 1390 1209 1470 Ἀλεξάνδρου
1231 1380 1285 1469 ἦν,
1307 1384 1327 1468 ἡ
1351 1385 1384 1450 δέ
1406 1388 1519 1450 παλαιὰ

303 1502 343 1565 ἀεί
362 1512 421 1565 τῶν
449 1494 748 1583 Πελοποννησιακῶν
778 1498 836 1584 εἶχε
866 1502 923 1583 τὴν
946 1501 1055 1583 ἀκμήν.
1080 1502 1224 1590 διαλέκτῳ
1248 1502 1295 1583 δέ,
1316 1502 1397 1565 καθὸ
1419 1499 1440 1582 ἡ
1463 1500 1518 1583 μέν

302 1617 347 1679 νέα
378 1617 410 1680 τδ
441 1616 626 1698 σαφέστερον
657 1616 738 1697 ἔσχε,
764 1628 801 1704 τῇ
830 1616 885 1702 νέῳ
907 1617 1075 1698 κεχρημένη
1098 1619 1227 1698 Ἀτθίδι,
1252 1614 1272 1697 ἡ
1296 1615 1329 1680 δέ
1348 1616 1462 1679 παλαιά
1484 1618 1518 1680 τδ

302 1732 392 1794 δεινόν
417 1729 471 1794 καί
488 1730 611 1812 όψηλδν
630 1740 684 1794 τοῦ
707 1730 808 1814 λόγου·
832 1730 927 1794 ἐνίοτε
951 1728 984 1795 δέ
1006 1731 1058 1793 καλ
1080 1731 1292 1811 ἐπιτηδεύουσι
1312 1730 1403 1806 λέξεις
1427 1732 1518 1806 τινάς.

301 1846 350 1931 δλη
379 1842 422 1923 δέ,
454 1846 568 1912 <καθδ
594 1842 614 1924 ἡ
644 1842 699 1925 μέν
721 1843 776 1907 νέα
799 1844 925 1926 ἀληθεῖς
947 1845 1005 1927 ἔχει
1027 1845 1079 1919 τὰς
1104 1844 1279 1924 ὑποθέσεις,
1305 1844 1325 1926 ἡ
1349 1844 1382 1908 δέ
1404 1844 1518 1907 παλαιά

303 1960 352 2022 τάκ
380 1958 514 2041 ἀληθεῖς.
529 1945 639 2046 μέτρῳ
668 1957 744 2039 δέ,>
764 1955 785 2031 ¹)
816 1959 898 2022 καθδ
927 1957 948 2040 ἡ
979 1957 1035 2040 μέν
1056 1959 1112 2023 νέα
1135 1972 1175 2046 τῷ
1197 1961 1327 2045 ίαμβεκῳ
1350 1959 1446 2048 μέτρῳ
1469 1958 1519 2022 έτιί

302 2080 427 2139 κλεῖστον
453 2082 573 2157 χρῆται,
598 2075 732 2149 σπανίας
756 2071 789 2136 δέ
811 2075 862 2136 καί
886 2073 997 2157 έτέροις
1020 2074 1151 2156 μέτροις,
1175 2085 1211 2161 τῇ
1234 2072 1267 2137 δέ
1289 2079 1403 2161 παλατῳ
1426 2079 1520 2137 πολυ-

302 2190 394 2270 μετρία
423 2188 457 2250 τὸ
488 2189 743 2268 σπουδαζόμενον.
768 2191 912 2275 διασκευῇ
936 2186 983 2267 δέ,
1006 2189 1050 2251 δτι
1073 2188 1106 2251 έν
1129 2186 1185 2268 μέν
1207 2200 1243 2276 τη
1265 2189 1320 2274 νέῳ
1341 2199 1438 2271 χορῶν
1462 2188 1519 2251 οάκ

248 2309 269 2357 11
303 2302 368 2382 ἔδει,
388 2302 422 2365 έν
441 2302 541 2388 ἐκείνη
564 2300 597 2364 δέ
620 2301 672 2364 καί
690 2303 825 2383 μάλιστα.
848 2301 900 2364 καί
918 2302 996 2382 αάτη
1016 2300 1088 2382 δέη
1112 2303 1225 2364 παλαιὰ
1245 2301 1354 2382 έαυτῆς
1374 2301 1519 2384 διαφέρει.

300 2416 345 2479 καλ
371 2416 429 2499 γάρ
461 2419 494 2479 ολ
520 2416 553 2479 έν
581 2427 618 2503 τῇ
651 2421 763 2503 Ἀττικῇ
793 2427 913 2499 πρῶτον
943 2418 1164 2497 συστησάμενοι
1194 2415 1228 2479 τὸ
1257 2416 1440 2496 ἐπιτήδευμα
1466 2426 1519 2496 τῆς

300 2532 450 2619 κωμῳδίας
474 2566 516 2576 -
540 2523 619 2610 ἦσαν
650 2527 683 2592 δέ
714 2531 744 2592 ολ
769 2530 837 2613 περί
867 2530 1069 2612 Σουσαρίωνα
1093 2566 1135 2577 -
1157 2530 1193 2591 τά
1215 2530 1364 2611 πρόσωπα
1387 2529 1519 2604 ἀτάκτως

300 2645 430 2727 ελσηγον,
457 2644 510 2708 καλ
538 2643 631 2727 γέλως
662 2636 702 2725 ι’γν
732 2644 825 2725 μόνος
855 2643 888 2706 τδ
918 2644 1222 2723 κατασκευαζόμενον.
1252 2643 1462 2726 ἐπιγενόμενος
1486 2641 1520 2706 δέ

302 2763 443 2840 Κρατῖνος
477 2758 638 2838 κατέστησε
669 2756 724 2836 μέν
753 2768 873 2840 πρῶτον
901 2757 939 2819 τά
968 2756 1001 2820 έν
1029 2768 1064 2844 τῇ
1094 2758 1238 2845 κωμῳδίᾳ
1263 2759 1411 2838 πρόσωπα
1435 2756 1519 2839 μέχρι

300 2884 396 2955 τριῶν,
419 2874 531 2954 στήσας
554 2872 610 2952 τήν
633 2872 774 2953 ἀταξίαν,
791 2870 842 2933 καί
862 2883 902 2957 τῷ
920 2872 1051 2953 χαρίεντι
1069 2882 1122 2951 τῆς
1140 2872 1299 2958 κωμῳδίας
1319 2872 1353 2933 τδ
1365 2868 1518 2950 ιὀφέλιμον

299 2988 464 3070 προσέθηκε
497 2986 570 3061 τοὺς
603 2996 704 3060 κακῶς
738 2986 929 3066 πράσσοντας
963 2985 1136 3065 διαβάλλων
1169 2984 1220 3047 καλ
1254 2985 1352 3067 ὥσπερ
1387 2986 1519 3070 δημοσίῳ

299 3104 412 3185 μάστιγι
435 3112 472 3187 τῇ
494 3100 639 3187 κωμῳδίᾳ
661 3100 804 3174 κολάζων.
835 3094 896 3161 ἀλλ’
921 3098 964 3161 ἔτι
986 3095 1041 3179 μέν
1064 3098 1116 3161 καί
1139 3090 1226 3173 οὗτος
1250 3109 1302 3179 τῆς
1325 3097 1518 3180 ἀρχαιότητος

299 3223 403 3298 μετεῖχε
433 3216 486 3279 καλ
515 3215 611 3299 ἠρέμα
641 3238 706 3290 πως
735 3225 789 3295 τῆς
812 3214 944 3290 ἀταξίας.
968 3212 985 3278 ό
1008 3214 1110 3295 μέντοι
1132 3238 1165 3297 γε
1189 3215 1403 3296 Ἀριστοφάνης
1426 3220 1518 3293 μεθο-

298 3330 405 3406 δεάσας
434 3331 646 3412 τεχνικώτερον
668 3329 723 3409 τὴν
745 3330 909 3417 κωμῳδίαν
931 3328 964 3391 έν
986 3323 1116 3414 ταύτηῆ
1139 3327 1327 3409 ἀνέλαμψεν,
1349 3326 1382 3389 έν
1405 3325 1518 3387 ἅπασιν

299 3442 439 3524 έπίσημος
460 3446 577 3525 φανείς.

244 3567 264 3619 17
341 3554 395 3632 δ’)
425 3556 458 3621 δέ
487 3557 579 3641 γέλως
608 3568 662 3637 τῆς
683 3558 843 3645 κωμῳδίας
867 3557 899 3619 έκ
921 3580 953 3619 τε
975 3556 1082 3631 λέξεων
1105 3555 1156 3619 καί
1178 3557 1362 3639 πραγμάτων
1384 3553 1441 3635 ἔχει
1464 3552 1519 3633 τὴν

299 3674 446 3735 τάστασιν.
476 3672 510 3736 έκ
540 3669 596 3750 μέν
623 3681 684 3734 τῶν
713 3670 822 3746 λέξεων
844 3670 919 3733 κατά
942 3670 1073 3753 τρόπους
1095 3669 1178 3733 ἑπτά.
1201 3680 1322 3752 πρῶτον
1344 3664 1413 3731 καθ’
1440 3666 1519 3747 δμω-

297 3790 423 3867 νυμίαυ,
456 3786 498 3862 ὧς
531 3788 565 3850 ιδ
596 3784 954 3867 διαφορουμένοις·
987 3786 1128 3866 σημαίνει
1157 3784 1214 3866 γάρ
1244 3784 1277 3847 τό
1307 3807 1337 3846 τε
1360 3782 1519 3865 διαφόροις

297 3893 361 3963 νάσι
382 3901 436 3965 καί
456 3901 491 3965 τό
513 3900 679 3983 ίττικερδέσι
692 3894 728 3981 ⁴),
750 3903 890 3982 δεάτερον
913 3898 989 3961 κατὰ
1011 3900 1225 3978 συνωνυμίαν,
1247 3897 1288 3972 ὡς
1310 3897 1343 3959 τὸ
1370 3897 1451 3977 ἥκω
1481 3919 1519 3959 τε

297 4015 357 4077 καλ
387 4015 629 4099 κατέρχομαι
649 4011 683 4094 ⁵),
712 4014 824 4077 ταυτὸν
855 4014 911 4096 γάρ
943 4013 1013 4076 ἔστι.
1044 4013 1143 4095 τρίτον
1167 4012 1243 4074 κατὰ
1266 4011 1456 4092 ἀδολεσχίαν,
1478 4009 1519 4084 ὡς

298 4129 366 4192 δταν
396 4155 442 4206 τις
472 4142 512 4216 τῷ
542 4130 625 4214 αάτῲ
655 4127 780 4209 όνόματι
810 4130 954 4202 πολλάκις
980 4128 1135 4209 χρήσηται.
1164 4125 1303 4208 τέταρτον
1337 4124 1413 4187 κατά
1443 4147 1519 4205 παρ-

298 4246 450 4325 ννυμίαν,
483 4242 523 4318 ὡς
562 4244 635 4306 ὅταν
671 4255 712 4329 τῷ
749 4243 843 4329 κυρίῳ
879 4240 994 4317 ἔξωθέν
1031 4264 1059 4303 τι
1097 4241 1305 4322 προσάπτηται
1333 4235 1375 4319 ⁸),
1412 4236 1453 4311 ὡς
1486 4241 1519 4299 τὸ

327 4565 344 4628 ¹)
362 4571 403 4617 De
420 4569 517 4617 λεοτοι
534 4568 568 4616 ολ.
586 4580 666 4628 supra
682 4579 744 4628 μσς.
763 4567 821 4623 181,
840 4568 863 4613 δ.

326 4644 346 4707 ²)
363 4653 388 4697 λι
405 4647 495 4711 ταυτῃ]
511 4656 558 4694 ταν
573 4648 629 4705 μεθ’
648 4651 733 4695 ίαυεοσ
749 4643 842 4694 Κείου]
858 4659 890 4695 οι
907 4649 1031 4707 εεοοτμίο
1048 4644 1119 4705 quod
1136 4644 1216 4691 habet
1228 4644 1249 4691 V
1254 4658 1262 4702 ς
1280 4644 1313 4691 or.
1329 4654 1389 4703 μσς.
1404 4642 1452 4690 181
1466 4642 1480 4699 fi
1496 4644 1523 4691 4.

325 4724 347 4791 ¹)
364 4731 441 4787 Quo
457 4726 486 4775 in
503 4727 518 4787 5
536 4728 567 4775 11
585 4740 624 4787 οη.
641 4727 765 4786 leguntur
783 4729 873 4773 extant
888 4724 969 4772 otium
985 4724 1014 4771 in
1030 4724 1122 4772 oodioo
1139 4724 1168 4785 V,
1185 4736 1265 4783 snpra
1282 4735 1341 4784 μσς.
1360 4722 1408 4770 188
1426 4722 1520 4781 5‘1-8

297 4812 322 4853 οι
336 4809 455 4869 (ominis
472 4806 612 4868 exemplis)
628 4806 655 4853 in
673 4807 804 4866 οεοετμλὶε
822 4805 856 4852 de
872 4806 948 4866 poesi
964 4804 1097 4864 mni025
1115 4804 1130 4851 θ
1148 4815 1207 4863 μσς.
1225 4803 1282 4850 198.

326 4886 348 4947 ⁴)
366 4888 538 4949 corruptum.
556 4884 587 4933 In
605 4890 728 4946 excerpto
744 4882 866 4933 breviore
884 4897 951 4944 quse
967 4884 1091 4943 leguntur
1108 4895 1190 4941 εοοοο
1207 4881 1320 4929 obseura
1337 4881 1405 4927 sunt.

326 4965 347 5026 ι)
362 4970 430 5016 Bm.
451 4966 518 5016 11⁶8
535 4979 593 5026 sqq.

326 5044 347 5107 ί]
362 5045 564 5113 *ιρισάπτηταιῙ
582 5048 725 5105 κατάθηται.
741 5041 781 5091 Cf.
798 5057 858 5104 μσς.
877 5044 934 5100 188,
952 5044 976 5090 9.
