4375 6284
644 847 706 907 104
1170 862 1212 906 nn
1235 860 1359 906 rourrrr

644 1034 753 1109 ,modi
783 1033 853 1095 fieri
882 1040 1002 1110 potest.
1033 1035 1114 1095 'Pam
1142 1035 1198 1094 diu
1221 1033 1390 1110 Euripides
1413 1033 1615 1110 inspectavit
1637 1048 1698 1094 nos
1720 1036 1754 1093 et
1776 1031 1859 1092 dolos

644 1150 796 1223 ,nostroe
814 1148 1027 1223 fallaciasque
1044 1150 1078 1210 in
1098 1148 1259 1209 dramatis
1278 1146 1512 1223 promulgavit,
1534 1147 1637 1209 donec
1655 1147 1765 1223 pelam
1781 1146 1860 1206 lacte

644 1266 743 1338 ,sunt
765 1264 885 1323 omnia.
909 1262 1043 1324 Veneno
1066 1262 1278 1337 perimendus
1302 1264 1354 1322 est
1377 1262 1475 1323 homo
1498 1260 1816 1322 sceleratissimust”

687 1375 833 1437 crimina
862 1376 1062 1451 gravissima
1092 1378 1267 1452 postquam
1299 1376 1347 1435 sic
1370 1375 1538 1436 cumulata
1559 1377 1638 1436 sunt
1661 1377 1695 1436 et
1718 1373 1859 1436 versibus

641 1488 795 1565 plurimis
823 1505 842 1550 e
872 1489 990 1564 tragici
1020 1491 1137 1564 poetae
1167 1488 1290 1550 fabulis
1319 1489 1432 1549 allatis
1455 1490 1679 1565 comprobate,
1704 1489 1745 1550 ad
1768 1489 1862 1550 verba

642 1602 792 1664 facienda
813 1603 917 1664 etiam
940 1602 1019 1664 ficta
1042 1603 1100 1664 illa
1123 1604 1243 1665 mulier
1266 1604 1454 1678 consurgit:

689 1751 729 1760 —
754 1717 907 1794 ,Optimo
927 1717 1092 1778 mehercle
1112 1717 1196 1793 iure,
1215 1733 1234 1778 o
1251 1718 1340 1778 cives
1353 1718 1497 1794 Atticae,
1519 1716 1669 1792 culpetur
1680 1717 1861 1794 Euripides!

646 1828 770 1905 ,Quem
794 1834 828 1892 et
850 1846 912 1907 ego
934 1832 1080 1907 pessime
1104 1831 1172 1908 odi,
1188 1831 1291 1892 —sic
1313 1831 1438 1892 femine
1460 1833 1524 1892 sim
1548 1835 1582 1892 et
1600 1835 1771 1895 maneam!
1794 1831 1861 1907 Sed,

645 1959 781 2019 ,rerum
817 1948 854 2006 ut
885 1945 1069 2021 proloquar,
1097 1959 1239 2006 -nam
1272 1945 1443 2006 internos
1466 1959 1598 2022 eumue,
1625 1979 1665 1991 -
1696 1949 1863 2020 tantopere

647 2058 743 2133 ,quid
772 2059 971 2120 irascimur?
1002 2059 1135 2120 Satisne
1163 2061 1216 2120 est
1238 2060 1382 2119 causae?
1411 2060 1524 2134 Inepte
1546 2059 1586 2120 de
1609 2060 1704 2121 nohis
1727 2059 1863 2121 deblate-

646 2186 743 2247 ,rans
777 2170 833 2234 ille
864 2173 974 2234 effutit
1002 2173 1166 2247 quaedam
1189 2187 1273 2246 quae
1296 2173 1427 2234 reticeri
1449 2173 1569 2234 melius
1592 2177 1680 2234 erat:
1710 2177 1801 2236 estol
1824 2175 1864 2234 ht

646 2301 770 2362 ,unum
803 2286 858 2348 uhi
889 2287 1032 2348 advertit
1062 2287 1226 2362 flagitium
1256 2286 1432 2363 muliebre,
1456 2287 1547 2348 mille
1571 2301 1646 2349 eum
1668 2281 1793 2349 latent!
1817 2287 1865 2348 Sic

646 2400 738 2476 ,ipsa
760 2401 909 2476 ego’‘...

689 2515 732 2574 Et
762 2514 891 2575 candidi
922 2515 1066 2590 pectoris
1097 2515 1220 2576 femina
1247 2530 1330 2589 quae
1353 2515 1427 2590 ipsa
1449 2515 1599 2590 peccavit
1621 2529 1771 2590 quaeque
1794 2515 1865 2576 alia·

646 2643 721 2689 rum
757 2629 912 2689 meminit
945 2628 1078 2704 delicta,
1114 2630 1256 2704 ingenue
1289 2643 1442 2690 enarrare
1476 2628 1603 2705 incipit,
1637 2663 1678 2672 —
1714 2629 1865 2703 quoniam

646 2757 762 2803 verum
785 2745 837 2804 eet
859 2741 1127 2819 proloquendum.

692 2889 733 2900 -
758 2856 899 2932 ,Desine
921 2857 1093 2917 tandeml”
1120 2890 1159 2900 -
1185 2857 1327 2930 undique
1350 2857 1524 2919 clametur.

689 3003 733 3012 -
759 3016 788 3046 ,.
803 3014 833 3031 ..
865 2969 946 3046 Quid
977 2985 1054 3032 vero
1085 2975 1240 3033 matrona
1269 2971 1343 3047 illa,
1374 2985 1458 3046 quae
1488 2971 1647 3032 maritum
1671 2972 1780 3032 securi
1802 2985 1866 3047 per·

647 3085 796 3161 ,cuseiti
827 3084 867 3146 111
896 3099 979 3158 quae
1010 3098 1136 3146 veneno
1167 3099 1266 3145 suum
1289 3085 1483 3147 interemit?
1506 3085 1547 3146 Et
1568 3085 1794 3146 Achemensis
1815 3085 1868 3146 illa

647 3198 786 3275 ,puella
810 3213 893 3272 quae
915 3201 1067 3274 patrem”
1092 3231 1133 3242 -

691 3346 731 3356 -
758 3313 863 3388 ,Tace
887 3312 1064 3374 tandeml”

689 3459 731 3468 -
759 3471 787 3503 ,.
802 3471 809 3488 .
824 3425 906 3488 ‚sub
928 3427 1025 3488 turno
1048 3426 1203 3503 sepelivit
1226 3429 1439 3489 necatumli’'

689 3573 732 3583 -
759 3540 841 3616 ,Pro
865 3541 1025 3601 feminam
1048 3540 1256 3617 impudenter
1282 3541 1491 3617 garrulaml”

691 3687 731 3699 -
759 3653 871 3730 ,Tune
901 3655 1130 3731 impudentem
1160 3669 1215 3715 me
1245 3669 1360 3731 vocas,
1386 3670 1469 3730 quae
1493 3653 1629 3717 filiolam
1653 3658 1745 3718 tuam
1769 3671 1868 3734 puero

648 3767 806 3844 ,ancillae
828 3770 970 3831 mutasti
978 3770 1016 3830 ?”

690 3881 743 3943 Sic
772 3885 948 3958 postquam
978 3884 1086 3944 haesit
1116 3899 1170 3945 ree
1198 3885 1232 3944 in
1258 3884 1378 3959 palude
1408 3885 1584 3946 criminum
1608 3885 1815 3961 privatorum
1839 3887 1869 3944 et

645 3997 827 4072 iurgiorum
851 3997 1071 4074 famosorum,
1087 3997 1212 4058 -rive
1237 3998 1382 4059 indolem
1402 3998 1598 4059 muliebrem
1618 3995 1870 4073 argumentandi
1962 4005 1963 4072 ζ

643 4113 708 4173 arti
737 4113 850 4175 minus
872 4116 986 4190 aptam
1008 4113 1088 4174 tecit
1112 4115 1244 4188 natura,
1269 4111 1340 4174 sive
1364 4114 1509 4174 virorum
1533 4113 1567 4173 in
1590 4113 1719 4175 iudiciis
1740 4117 1775 4175 et
1799 4128 1868 4176 cou-

644 4227 793 4288 cionihus
824 4228 1011 4303 disputandi
1042 4227 1206 4289 rationem
1237 4227 1380 4289 feminae
1411 4228 1512 4290 nimis
1542 4243 1657 4305 presse
1678 4233 1758 4290 eunt
1780 4243 1869 4292 secu·

643 4345 717 4419 tce,
743 4375 784 4384 —
807 4340 839 4401 id
863 4340 902 4402 flt
924 4341 1011 4416 quod
1034 4357 1137 4402 unum
1160 4339 1231 4402 fleri
1254 4342 1380 4418 potuit:
1404 4343 1443 4402 ad
1466 4357 1588 4404 manus
1611 4343 1701 4404 enim
1728 4345 1869 4405 venitur.

643 4457 826 4517 Personcta
856 4458 968 4516 autern
1003 4455 1122 4516 mulier
1157 4470 1223 4516 une
1253 4457 1406 4530 genuinis
1435 4456 1589 4532 plurimis
1619 4457 1771 4532 opposita
1793 4455 1870 4532 quid
1962 4493 1963 4534 ,

643 4569 768 4630 faciat?
792 4570 982 4647 superatur,
1010 4570 1101 4630 fraus
1124 4570 1389 4648 deprehenditur,
1414 4573 1506 4647 petet
1528 4571 1720 4647 impostoris
1743 4572 1872 4633 lacinus
1962 4557 1963 4562 ’

644 4684 856 4759 sacrilegum.
1962 4663 1963 4668 ἵ

689 4796 823 4859 Clodius
853 4798 907 4859 ille
938 4798 1055 4859 Pulcer
1083 4800 1199 4874 postea
1226 4799 1394 4875 incedes,
1419 4798 1473 4860 uhi
1496 4801 1606 4862 Bonae
1630 4801 1709 4862 deae
1733 4814 1830 4862 sacra
1852 4815 1870 4858 8

644 4913 806 4974 matronis
847 4912 1007 4974 Romanis
1047 4928 1106 4991 pro
1144 4914 1263 4989 populo
1297 4913 1556 4992 celebrabantur,
1591 4917 1684 4976 veste
1717 4914 1871 4978 muliebri
