4375 6284
653 961 719 1022 sla
1089 975 1132 1021 on
1153 975 1263 1022 mro
1285 975 1438 1026 manure.

653 1149 857 1227 Quapropter
889 1164 932 1212 ne
964 1149 997 1211 id
1031 1149 1166 1225 quidem
1193 1150 1289 1212 iuvat
1317 1150 1497 1226 inquirere,
1526 1152 1563 1213 in
1592 1151 1735 1227 singulis
1756 1149 1863 1212 moun

651 1265 828 1340 saepiusne
857 1268 891 1326 et
921 1265 1057 1340 gravius
1087 1264 1207 1326 amarit
1234 1265 1345 1340 isqui
1367 1264 1598 1328 Ravennatem
1621 1265 1811 1342 perscripsit
1828 1277 1864 1324 au

650 1379 681 1440 is
714 1380 772 1454 qui
803 1378 987 1455 Venetum3
1020 1378 1106 1440 nihil
1140 1379 1232 1441 enim
1266 1379 1475 1440 auctoritatis
1508 1379 1560 1442 sic
1591 1379 1730 1442 alterius
1759 1378 1867 1440 codicis

650 1493 848 1556 lectionibus
882 1493 958 1557 addi
993 1494 1132 1556 alterius
1162 1492 1293 1554 detrahi
1323 1496 1446 1569 potest.
1475 1494 1514 1555 ln
1544 1494 1741 1556 universum
1763 1495 1865 1555 autem

651 1607 714 1668 dici
749 1609 860 1684 potest
892 1608 955 1670 hoc
983 1622 1106 1668 unum:
1137 1607 1363 1680 frequentiora
1392 1622 1467 1670 asse
1495 1607 1579 1669 vitia
1605 1606 1740 1685 Veneti,
1761 1605 1817 1669 sed
1837 1607 1867 1666 ot

649 1721 891 1796 frequentiores
924 1735 999 1784 essa
1031 1721 1123 1784 locos
1156 1719 1213 1781 ubi
1241 1720 1309 1799 hic,
1341 1735 1442 1794 quarn
1472 1721 1528 1782 ubi
1556 1721 1736 1784 Ravenms
1762 1735 1866 1786 rerum

650 1834 806 1912 praebeat
845 1837 953 1914 solus,
994 1834 1115 1898 Veneti
1153 1835 1255 1911 igitur
1294 1836 1427 1898 textum
1461 1835 1633 1910 aliquanto
1665 1835 1772 1913 pluris
1802 1850 1867 1897 aeae

650 1949 849 2014 faciendum.

694 2065 733 2126 In
754 2064 967 2126 recensendis
988 2062 1124 2140 rabulis,
1148 2078 1232 2139 quas
1254 2065 1290 2124 et
1310 2062 1340 2124 R
1361 2063 1496 2139 praebet
1517 2066 1553 2125 at
1570 2062 1609 2141 V,
1628 2064 1732 2126 catari
1748 2063 1867 2126 codices

649 2178 786 2254 impune
808 2178 877 2242 lere
900 2180 1041 2254 possunt
1062 2176 1204 2254 neglegi.
1227 2177 1313 2239 Nam
1336 2176 1433 2252 longe
1454 2175 1609 2254 plurimis
1628 2177 1714 2240 locis
1732 2178 1817 2240 alter
1831 2192 1869 2240 ex

649 2291 757 2354 altero
785 2294 898 2368 potest
927 2292 1112 2370 emendari,
1136 2292 1185 2353 ite
1206 2293 1246 2354 ut
1267 2293 1425 2368 appareat
1446 2291 1530 2352 satis
1552 2285 1722 2367 integrum
1743 2294 1867 2354 textum

649 2405 806 2467 habuisse
829 2405 1005 2468 amborum
1028 2405 1259 2482 archetypum.

693 2520 818 2595 Aptum
853 2519 894 2581 ad
928 2534 999 2582 rem
1033 2519 1268 2580 illustrandam
1300 2518 1491 2594 exemplum
1524 2518 1685 2594 praebant
1711 2519 1861 2595 Equitum
1943 2516 1944 2603 J

649 2648 765 2696 versus
788 2634 854 2696 668
878 2636 913 2695 et
932 2646 1093 2708 sequens3
1118 2632 1232 2708 quiin
1255 2631 1366 2695 codice
1388 2632 1418 2694 R
1439 2634 1490 2706 sic
1510 2635 1592 2694 sunt
1611 2634 1744 2709 scripti:
1943 2608 1944 2643 ³

870 2741 956 2808 iv'eir'
983 2743 1482 2826 ezenteemenmrnp

869 2855 1020 2942 sudnod’·
1043 2858 1168 2939 ἀφῖκται
1188 2858 1247 2942 γὰρ
1268 2880 1339 2940 nepe
1359 2856 1609 2940 ακονδῶνῖὲγαι·

649 2977 683 3039 in
709 2977 734 3038 V
758 2979 890 3040 autem:

872 3127 908 3194 ἵν’
934 3128 984 3194 ἅθ’
1010 3128 1028 3193 ὁ
1049 3131 1148 3214 κῆρυξ
1171 3126 1229 3192 idn
1250 3115 1436 3210 λακιδαῖμιῖ
1457 3127 1537 3212 Hyas
1557 3087 1618 3190 rial

869 3240 1021 3326 πύθησθ’·
1044 3244 1172 3326 ἀφῖκται
1193 3241 1219 3327 y*
1257 3239 1291 3305 κ’
1313 3244 1457 3307 σπονδῶν
1479 3241 1584 3326 olym·

691 3363 902 3441 ilxpunctum
946 3362 1047 3438 igitur
1094 3363 1147 3424 est
1193 3359 1309 3432 cellro)
1358 3359 1567 3436 adverbium,
1617 3375 1682 3434 quo
1730 3359 1863 3422 dolator

647 3480 811 3555 metrum;
841 3475 965 3539 habent
994 3477 1027 3538 id
1058 3476 1188 3538 codices
1217 3475 1419 3538 recentiores
1434 3471 1467 3546 ¹).
1496 3477 1624 3539 Person
1653 3480 1860 3540 autemeam

646 3591 873 3669 perspexisset
905 3590 983 3665 quid
1016 3590 1081 3652 sibi
1115 3589 1219 3652 vellat
1246 3565 1459 3668 illuderetur,
1491 3591 1609 3653 comici
1637 3590 1741 3654 rerba
1767 3590 1859 3653 sicin

646 3706 816 3783 integrum
839 3704 1005 3767 restituit:
1943 3702 1944 3715 ³

869 3813 907 3880 ἵν’
931 3811 998 3879 deo’
1022 3815 1040 3880 d
1062 3817 1159 3900 κήρυξ
1181 3817 1239 3880 οὑκ
1261 3816 1494 3896 Λακεδαίμονος
1516 3815 1596 3899 λέγει

867 3926 1019 4014 πύθησθ’·
1042 3930 1170 4012 ἀφῖκται
1189 3932 1248 4016 γὰρ
1270 3931 1340 4014 napi
1361 3932 1506 3995 σπονδῶν
1528 3932 1630 3994 utilem

691 4049 777 4126 llrgo
800 4049 835 4110 in
857 4049 1039 4125 archetypo
1061 4052 1089 4120 (z
1110 4048 1273 4120 dicamus)
1295 4048 1377 4110 mit:

868 4157 904 4223 ἶν’
930 4158 996 4224 ἅτθ’
1022 4160 1159 4244 duwe
1181 4161 1240 4225 oda
1262 4161 1497 4242 Λακεδαίμονος
1516 4159 1599 4308 gru?

867 4291 1018 4399 aodned'·
1042 4318 1168 4399 ἀφῖκται
1189 4319 1247 4401 γὰρ
1269 4317 1339 4399 περὶ
1361 4319 1506 4381 σπονδῶν
1527 4319 1630 4380 πάλιν.

692 4435 958 4512 superscriptum
981 4434 1063 4497 illud
1086 4431 1183 4515 λέγων
1206 4435 1248 4498 ad
1271 4450 1387 4497 rocem
1409 4431 1477 4511 περὶ
1500 4433 1645 4495 σπονδῶν
1667 4439 1776 4496 mente
1794 4445 1854 4504 sup

646 4549 729 4626 pleri
763 4549 896 4611 iubebat
925 4550 1090 4626 interpres
1105 4544 1147 4625 ἠ
1182 4549 1268 4625 quod
1303 4564 1379 4612 cum
1412 4563 1471 4625 pro
1504 4549 1628 4610 ιιαῖοκι
1654 4545 1754 4612 were
1779 4545 1854 4610 assat

646 4665 811 4744 habitum,
836 4665 1008 4743 uchatypi
1029 4664 1121 4728 filius
1142 4669 1185 4743 (y)
1207 4665 1291 4727 haec
1311 4663 1445 4726 hebuit:

682 4987 690 5019 r

680 4987 702 5128 ’ἀ
719 4987 963 5130 1³⁰2?onAE
978 5066 1044 5114 illud
1061 5065 1232 5128 participium
1249 5069 1401 5114 sensuum
1415 5067 1503 5115 cmliii
1520 5065 1611 5115 docuit
1627 5067 1732 5116 Persou.
