4375 6284
710 994 789 1039 vrrs
812 995 852 1039 rr
875 993 1044 1039 ornamus.
1447 979 1489 1038 83

318 1167 450 1228 Athenis
484 1167 597 1228 autern
632 1167 712 1228 dum
747 1167 930 1228 discordiae
965 1166 1023 1228 illa
1057 1166 1163 1243 pestis
1194 1168 1364 1228 saeviebat
1395 1170 1429 1226 et
1460 1168 1494 1226 in

285 1279 380 1340 Sicilia
411 1281 553 1343 militiae
587 1281 686 1342 robur
717 1297 737 1342 a
767 1281 861 1342 Nicia
891 1280 1069 1342 cunctandi
1101 1282 1172 1341 arte
1204 1280 1431 1356 exercebatur,
1462 1281 1495 1341 iu

285 1393 400 1455 Oriente
429 1395 565 1456 fortuna
589 1395 820 1456 incautissime
845 1396 897 1455 est
922 1393 1090 1456 lacessita.
1122 1394 1207 1456 Nam
1237 1395 1325 1455 iuter
1347 1395 1495 1455 Athenas

285 1509 311 1566 et
334 1508 478 1569 Persiam
508 1507 588 1571 licet
618 1523 685 1585 pax
715 1522 887 1583 nunquam
917 1508 1046 1584 publice
1074 1510 1164 1570 esset
1193 1508 1272 1582 icta,
1298 1509 1496 1569 convenerat

283 1623 381 1684 amen
414 1624 494 1684 ante
528 1637 629 1684 unam
661 1622 729 1683 iere
760 1621 933 1682 bominum
966 1624 1114 1682 aetatem
1147 1623 1184 1682 ut
1204 1623 1328 1683 missos
1353 1622 1438 1682 inter
1461 1637 1497 1682 se

283 1735 427 1811 iacerent;
467 1736 691 1797 Athenienses
729 1734 873 1810 Cyprum
910 1735 961 1796 vel
1002 1736 1190 1812 Aegyptum
1230 1736 1357 1797 aliasve
1391 1738 1497 1796 terras

284 1849 357 1924 regis
385 1849 525 1925 imperio
556 1849 708 1910 subditas
738 1863 803 1910 hon
839 1849 1017 1925 petituros,
1053 1849 1173 1911 Persas
1208 1865 1301 1910 mare
1336 1849 1496 1911 Graecum

284 1964 411 2025 navibus
444 1964 554 2038 longis
588 1978 653 2024 uon
687 1963 849 2024 adituros.
885 1963 1029 2040 Quarum
1066 1964 1275 2025 induciarum
1309 1963 1386 2025 finis
1419 1966 1498 2026 tunc

284 2077 350 2152 iuit;
379 2092 455 2138 nam
487 2076 587 2138 cares
617 2091 693 2138 cum
724 2091 744 2137 a
773 2075 888 2138 Parata
916 2076 1149 2153 descivissent,
1175 2076 1216 2138 ab
1238 2077 1498 2140 Atheniensibus

283 2193 350 2250 aunt
378 2191 490 2252 adiuti.
521 2190 795 2264 Redintegratum
825 2189 929 2264 igitur
959 2193 1032 2250 erat
1060 2189 1183 2252 bellum
1208 2191 1378 2253 Persicum
1394 2186 1429 2267 ¹),
1444 2236 1452 2252 .
1467 2234 1497 2252 ..

284 2305 311 2363 at
330 2305 409 2367 alter
431 2305 597 2368 Miltiades
619 2304 673 2366 vei
696 2303 938 2364 Themistocles
961 2304 1018 2365 ubi
1041 2306 1137 2367 erat?

320 2419 421 2482 iltiam
456 2423 533 2482 ante
567 2433 673 2480 annos
708 2419 879 2493 octoginta
912 2418 1139 2480 Athenienses
1175 2419 1338 2482 miserant
1371 2422 1496 2482 auxilia

284 2532 461 2595 bominibus
491 2533 640 2609 Asianis,
670 2533 727 2607 qui
757 2547 777 2592 a
799 2547 876 2607 rege
899 2531 1106 2607 defecerant3
1131 2533 1216 2607 quod
1240 2534 1370 2595 facinus
1394 2537 1496 2596 teme·

285 2647 397 2708 tarium
432 2648 578 2723 ingentis
612 2647 701 2707 illius
737 2644 812 2706 belli
841 2645 904 2705 fuit
935 2645 1120 2706 exordium.
1145 2646 1251 2708 Aliter
1274 2661 1361 2708 nunc
1383 2651 1499 2722 gestae

283 2764 351 2820 sunt
384 2776 449 2822 res.
478 2761 591 2835 Neque
621 2759 711 2820 enim
742 2758 995 2819 Atheniensium
1028 2759 1149 2820 civitas
1172 2759 1286 2821 eadem
1310 2766 1496 2838 manserat,

283 2886 378 2948 neque
409 2873 523 2935 Persia
556 2887 596 2934 ea
631 2872 732 2933 etiam
768 2874 840 2932 erat
875 2885 959 2946 quae
995 2872 1105 2932 iuerat
1139 2872 1200 2934 sub
1234 2872 1332 2934 Dario
1367 2874 1495 2950 Magno.

281 2984 357 3046 Aliis
385 2987 461 3048 telis
494 2989 594 3060 atque
620 2985 712 3046 illius
741 2983 866 3046 milites
896 2999 986 3045 nunc
1015 2985 1195 3047 utebantur
1225 2989 1378 3064 satrapae
1407 2987 1497 3049 Darii

282 3098 426 3175 Secundi;
452 3100 585 3177 ,aurei”
609 3100 719 3160 autem
742 3097 974 3174 Tissaphernis
1000 3100 1034 3160 et
1057 3099 1263 3160 Pharnabazi
1288 3101 1497 3176 „sagittarii”

282 3215 455 3276 assecuturi
490 3216 587 3276 erant
616 3227 769 3289 scopum,
802 3213 843 3273 ad
874 3227 972 3287 quem
1004 3212 1129 3274 ferreae
1152 3213 1232 3275 olim
1257 3214 1408 3290 cuspides
1431 3230 1497 3277 non

280 3332 498 3402 pervenerant.
533 3327 779 3405 ,Verberonum
819 3329 872 3388 est
908 3342 989 3388 auro
1019 3326 1233 3389 barbarorum
1264 3329 1433 3391 inhiare!”
1463 3329 1497 3390 in

279 3441 539 3505 Acharneusibus
578 3441 691 3503 fabula
732 3439 898 3502 clamabat
938 3441 1022 3502 civis
1064 3441 1121 3503 ille
1154 3441 1265 3503 iustus
1306 3445 1497 3519 patriaeque

279 3558 541 3619 amantissimus:
565 3589 606 3600 -
636 3554 723 3616 tales
756 3553 957 3615 verberones
991 3555 1112 3616 exinde
1142 3556 1175 3617 in
1210 3555 1365 3618 Graeciae
1399 3555 1497 3618 rebus

279 3671 480 3732 moderandis
509 3670 645 3730 morunt
676 3668 852 3745 principes.
883 3667 973 3728 'l'alie
1003 3668 1140 3730 verbero
1169 3668 1358 3731 Alcibiades
1389 3669 1497 3730 iactus

278 3789 324 3845 est
345 3785 436 3862 exui,
458 3784 539 3846 talis
559 3783 696 3845 verbero
718 3782 784 3843 tuit
806 3782 977 3857 Lysander
999 3783 1101 3856 Laco,
1125 3796 1224 3856 quem
1244 3783 1404 3844 Brasidae
1424 3797 1496 3844 con·

277 3897 421 3962 eiliorum
453 3897 610 3960 heredem
645 3897 724 3958 iecit
759 3896 910 3969 fortuna3
945 3896 1023 3956 talis
1057 3895 1195 3957 verbero
1226 3895 1291 3957 tuit
1322 3894 1500 3958 Clearchus

278 4008 340 4086 iile,
375 4028 475 4088 quem
510 4028 528 4073 e
562 4009 793 4087 Xenophontis
826 4008 974 4070 Anabasi
1008 4011 1132 4070 norunt
1167 4023 1297 4084 omnes,
1333 4009 1398 4071 iuit
1427 4011 1498 4085 ipse

278 4121 470 4201 Xenophon;
494 4125 575 4188 talis
596 4123 735 4186 verbero
759 4138 921 4184 evasurus
944 4125 1016 4184 erat
1039 4121 1151 4184 conon
1175 4137 1321 4198 magnus
1340 4123 1421 4199 dux,
1446 4124 1499 4184 cui

277 4237 311 4298 ai
333 4241 542 4303 Athenarum
564 4253 679 4300 muros
703 4237 927 4300 restituendos
950 4239 1084 4298 sumtus
1106 4237 1184 4298 tecit
1208 4237 1339 4299 Persiae
1361 4252 1430 4298 rex.

315 4465 489 4543 hxpeditio
523 4465 634 4528 Sicula
663 4463 765 4526 tertio
799 4478 887 4524 anno
921 4465 1099 4539 postquam
1138 4467 1254 4540 coepta
1288 4467 1341 4524 eet
1370 4464 1498 4525 exitum

276 4575 385 4640 babuit
415 4581 678 4642 atrocissimum.
708 4577 746 4638 In
777 4577 844 4638 oris
874 4576 1064 4651 longinquis
1093 4579 1197 4638 maris
1221 4576 1435 4639 occidentalis
1458 4577 1499 4638 ad

275 4691 530 4755 internecionem
563 4707 668 4766 usque
699 4689 845 4753 deletum
870 4705 945 4751 esse
973 4688 1097 4751 Xerxis
1119 4692 1304 4753 exercitum
1328 4689 1498 4765 ingentem

276 4802 348 4868 olim
382 4805 530 4869 finxerat
563 4806 764 4883 Aeschylus,
800 4805 924 4867 civium
954 4806 1131 4871 victoriam
1166 4807 1200 4866 in
1234 4806 1343 4867 maius
1375 4820 1500 4880 augens

306 5047 326 5115 1)
340 5054 471 5104 messe.
486 5053 527 5103 m
543 5055 558 5115 r
576 5055 615 5103 rr.
