4375 6284
666 912 731 972 294
1099 927 1141 970 nn
1164 926 1272 971 τετοῦ
1295 926 1449 973 rotomo.

709 1099 818 1160 Etiam
842 1114 890 1159 σοι
914 1102 950 1161 et
972 1098 1010 1159 oi
1034 1099 1216 1175 permutari
1239 1101 1388 1176 potuisse
1410 1115 1476 1162 non
1499 1100 1659 1174 estquod
1681 1100 1736 1162 hic
1758 1100 1880 1161 domon-

665 1216 800 1275 stretur.
831 1212 868 1276 E.
891 1229 923 1288 g.
947 1214 1121 1289 anapaesti
1148 1214 1337 1276 tetrametri
1365 1214 1400 1275 in
1423 1213 1453 1274 V
1474 1217 1510 1276 st
1531 1215 1566 1275 in
1587 1214 1617 1275 Β
1638 1216 1702 1276 hoc
1723 1217 1778 1276 sst
1799 1229 1880 1275 exor-

666 1329 760 1389 dium
795 1327 895 1403 Vesp.
926 1328 1006 1389 678:

909 1439 950 1501 ob
973 1435 1003 1500 δ’
1029 1431 1072 1501 ὧν
1095 1437 1195 1520 ἄρχεις
1217 1438 1275 1502 stef.
1298 1442 1477 1518 (sequiturt
1502 1442 1650 1512 trinovi.

668 1555 728 1616 Vel
753 1555 889 1617 Thesm.
914 1556 980 1617 860
1002 1555 1037 1616 in
1059 1555 1089 1616 Β
1111 1555 1251 1632 legitur:

913 1669 951 1730 ού
981 1663 1002 1729 τ’
1033 1661 1149 1749 ὦλεθρε
1168 1666 1175 1749 Ι
1193 1667 1293 1748 πατὴρ
1316 1666 1429 1741 ἐκεῖνος
1452 1667 1530 1744 ἐπες

667 1788 703 1846 et
726 1785 802 1848 Pac.
826 1785 910 1846 379:

914 1894 978 1977 tyb
1001 1898 1172 1974 προθύμως
1195 1896 1234 1957 σὺ
1256 1894 1360 1977 φέρων
1384 1895 1550 1975 ἀφικόμην.

712 2014 818 2088 llagis
841 2014 1003 2074 miramur
1025 2012 1159 2076 Thesm.
1184 2014 1250 2074 995
1273 2013 1366 2075 chori
1384 2014 1552 2074 Bacchum
1571 2013 1760 2075 invocantis
1779 2011 1889 2073 verba:

912 2124 991 2204 &pepi
1015 2121 1048 2185 δὲ
1066 2123 1115 2186 σοὶ
1138 2131 1292 2186 κτυπεῖται
1312 2127 1522 2206 Κιθαιρώνιος
1540 2121 1620 2204 Ἠχό

668 2243 702 2302 in
726 2241 755 2303 Β
777 2242 826 2302 sic
850 2241 991 2316 scripta:

912 2353 992 2432 ἀμφὶ
1015 2350 1049 2415 δὲ
1071 2353 1139 2414 συῒ
1157 2359 1324 2432 κτυπεῖται,

669 2473 704 2531 et
733 2473 910 2546 stupemus
938 2468 1032 2530 illam
1062 2469 1209 2530 scrofam
1233 2484 1298 2531 non
1321 2468 1430 2531 solum
1455 2469 1490 2530 in
1510 2469 1719 2530 Ravennatis
1742 2469 1890 2530 umbram

669 2584 818 2646 codicem
853 2582 1085 2656 Augustanum
1120 2581 1180 2643 sed
1209 2583 1313 2643 etiam
1344 2582 1378 2643 in
1408 2582 1572 2644 aditiones
1601 2583 1694 2658 typis
1716 2583 1891 2658 impressas

668 2698 836 2758 Iuntinam
860 2697 1102 2757 Frobenianam
1126 2696 1211 2756 alias
1233 2697 1399 2772 receptam
1424 2696 1660 2769 attinentem.

713 2811 870 2872 Potestne
900 2809 1077 2871 absurdius
1105 2811 1206 2872 etiam
1230 2808 1311 2886 fingi
1333 2811 1479 2870 vitium?
1501 2811 1644 2871 fortasse
1666 2811 1796 2886 potast;
1819 2824 1889 2869 nam

669 2925 744 2986 vide
767 2925 844 3000 qnid
868 2925 902 2985 in
926 2923 1063 2985 scholiis
1086 2924 1127 2985 ad
1151 2939 1285 2985 versum
1311 2925 1456 2985 vicinum
1476 2925 1541 2984 910
1565 2923 1705 3000 legatur,
1729 2923 1786 2984 ubi
1807 2923 1888 2984 Euri·
1968 2962 1969 2979 t

673 3040 767 3116 pidea
790 3038 910 3100 dicitnr
932 3039 1079 3108 Κλεινοῦς
1102 3052 1167 3099 non
1188 3033 1276 3112 filine
1298 3038 1357 3100 sed
1382 3037 1538 3115 „cineta”
1560 3038 1675 3099 fuisse.

714 3155 830 3227 Itaque
853 3152 1043 3214 innocentia
1066 3151 1135 3212 iam
1157 3152 1315 3214 videntur
1335 3151 1538 3213 ιοιλιόιᾶν
1560 3152 1889 3228 promiscuarum.
1968 3210 1969 3231 ρ

671 3268 736 3329 472
755 3262 787 3343 ¹),
811 3261 992 3326 noestvol
1015 3280 1075 3342 pro
1091 3263 1205 3326 πυκνοὶ
1224 3266 1303 3341 Lyn.
1323 3267 1401 3342 388,
1419 3265 1645 3344 τυράννους
1664 3281 1724 3342 pro
1734 3265 1889 3343 κοιράνους

670 3381 752 3442 Ach.
776 3381 853 3456 472,
889 3395 995 3454 nsque
1029 3379 1210 3441 admodum
1244 3381 1409 3441 miramur
1444 3379 1578 3440 tinias
1615 3381 1778 3456 scriptum
1812 3377 1888 3454 quod

670 3493 781 3575 ὑδρίαν
815 3509 891 3556 esse
920 3493 1060 3556 debebat
1089 3495 1167 3569 Lys.
1191 3494 1255 3554 327
1273 3488 1308 3563 ³).
1332 3495 1489 3556 Fortasse
1512 3495 1615 3556 etiam
1638 3495 1721 3556 Acir.
1745 3495 1811 3555 800
1832 3493 1888 3552 hnc
1968 3478 1969 3535 ῖ

670 3608 871 3684 referendus,
907 3608 963 3669 ubi
997 3608 1083 3683 quod
1114 3608 1149 3668 in
1172 3609 1201 3669 R
1224 3610 1409 3683 ceterisque
1440 3607 1607 3670 codicibus
1637 3608 1760 3684 legitur
1787 3611 1888 3685 χοῖρε

670 3727 779 3801 χοῖρε
801 3721 911 3796 Bergk
933 3721 1023 3799 χύρρε
1046 3721 1137 3799 χύρρε
1160 3722 1373 3784 scribendum
1396 3737 1473 3784 osse
1495 3722 1608 3784 effecit
1627 3738 1644 3783 e
1664 3722 1886 3797 grammatico
1968 3760 1969 3777 r

670 3852 745 3897 rum
768 3836 864 3912 locis,
889 3835 945 3898 ubi
967 3835 1132 3911 porcellos
1155 3837 1350 3897 vocantium
1373 3837 1456 3897 haec
1478 3851 1544 3897 vox
1566 3837 1672 3897 fuisse
1694 3836 1822 3898 dicitnr.
1968 3810 1969 3829 ³

715 3950 782 4011 Nec
812 3964 877 4010 non
907 3950 984 4010 hinc
1006 3949 1224 4024 repetendum
1249 3950 1381 4011 videtur
1404 3964 1527 4011 nomen
1548 3949 1668 4011 famuli
1690 3950 1787 4026 plane
1807 3947 1886 4008 miri·

669 4063 770 4125 ficum
800 4061 900 4143 χρυσέ,
929 4064 1014 4139 quod
1048 4065 1081 4124 in
1104 4063 1179 4124 VR
1210 4064 1329 4124 cetaria
1352 4064 1519 4126 codicibus
1540 4065 1705 4126 traditum
1728 4066 1778 4126 ost
1797 4061 1887 4135 vesp.
1968 4086 1969 4145 p

674 4181 772 4241 1251.
795 4178 1028 4254 Bdelycleonis
1050 4181 1132 4240 sunt
1154 4177 1274 4239 verba:

893 4297 952 4352 παι·
970 4297 1036 4370 παῖ,
1057 4291 1091 4352 τὸ
1114 4292 1241 4353 δεῖπνον
1264 4287 1383 4372 χρυοὲ
1406 4293 1569 4366 συσκεύαζε
1592 4302 1664 4375 νῷν.

670 4409 795 4471 Verum
818 4408 921 4469 duco:

1062 4520 1095 4582 τὸ
1120 4522 1246 4582 δεῖπνον
1270 4514 1364 4595 οἶσε,

670 4637 731 4698 brec
764 4637 853 4714 αῖον,
884 4639 922 4697 ut
953 4636 1070 4697 deinde
1099 4636 1276 4698 claudatur
1306 4637 1529 4697 enuntiatum.
1557 4635 1612 4697 Sic
1634 4635 1713 4697 alibi
1734 4631 1816 4710 apud
1836 4643 1881 4690 no

670 4754 779 4814 strum
801 4750 900 4828 „dioc
921 4751 1055 4828 θυμίτας
1078 4743 1164 4811 οἶσθ’
1188 4753 1223 4812 et
1245 4750 1371 4812 similia
1392 4750 1561 4826 leguntur.

704 4933 725 4996 ¹)
742 4937 810 4986 Item
826 4937 935 4986 Photins
952 4951 973 4984 s.
987 4950 1011 4983 τ.
1029 4937 1140 4994 claudere
1157 4933 1245 4996 (Pbot.
1262 4935 1304 4983 ed.
1321 4932 1502 4983 Reitzenstein
1521 4948 1548 4995 p.
1566 4935 1621 4996 bd).

704 5013 724 5076 ¹)
742 5017 773 5064 1n
790 5019 908 5077 margine
924 5017 952 5065 id
969 5016 1140 5064 emendatum
1157 5021 1206 5063 eet
