4375 6284
743 955 784 998 uu
807 952 914 998 ποιεῖν
938 949 1090 996 usuardo.
1460 934 1526 994 309

309 1127 470 1203 Hirsohig;
502 1141 586 1201 quae
617 1125 825 1188 tortasse-
850 1123 916 1185 nisi
947 1122 1121 1198 displiceat
1151 1137 1290 1184 caesura
1318 1122 1352 1182 in
1383 1121 1464 1197 pede
1488 1117 1527 1183 7⁰

309 1241 383 1317 apud
407 1240 572 1302 comicum
596 1255 671 1301 rara
688 1234 709 1311 ¹)
735 1273 775 1284 -
800 1240 849 1300 sio
871 1244 952 1299 sunt
975 1237 1172 1299 ordinando:

344 1345 601 1433 ἣνεῦπράττωσ’,
619 1353 656 1414 οὐ
680 1348 776 1414 τοῦτ’
803 1350 927 1424 αὐτοῖς
951 1351 1084 1431 μεγάλη
1110 1344 1184 1410 ἔσθ’
1211 1348 1345 1429 ὑγίειας
1364 1343 1435 1426 σάφ’
1449 1348 1526 1410 ἴσθι.

387 1470 451 1530 Av.
477 1470 552 1530 609.

344 1579 400 1642 οὐκ
425 1575 503 1642 οἶσθ’
529 1580 571 1642 ὅτι
602 1579 718 1642 πέντε
749 1577 889 1661 γενεὰς
920 1577 1079 1658 ἀνδρῶν
1108 1578 1175 1651 ζώει
1196 1574 1343 1656 λακέρυζα
1366 1576 1503 1656 κορώνης

306 1696 361 1758 Ubi
385 1697 538 1758 Bentleio
562 1697 701 1758 debetur
725 1711 805 1758 vera
826 1696 925 1757 lectio
956 1689 1058 1756 πέντ’
1092 1692 1249 1772 ἀνδρῶν
1278 1692 1425 1773 γενεάς.

386 1811 449 1872 Au.
476 1811 572 1873 1710.

477 1921 569 2005 οἰσκήρ
595 1921 770 2002 ἔλαμψεν
794 1922 898 1984 ἰδεῖν
929 1927 1095 2004 χρυσαυγεῖ
1115 1921 1206 2007 δόμῳ.

305 2039 515 2102 Scribendum
547 2036 653 2099 ἰδεῖν
683 2037 840 2116 ἔλαμψε.

386 2152 470 2214 Rau.
498 2153 583 2213 1474
607 2153 641 2213 in
665 2153 693 2213 R
716 2156 812 2214 sunt:

476 2265 627 2346 αἴσχιστον
650 2265 739 2346 ἔργον
769 2264 1033 2346 εἰργασμένος
1065 2263 1349 2346 προσβλέπεις,

302 2381 396 2457 paulo
426 2381 632 2443 meliora-
657 2380 735 2442 licet
765 2381 930 2443 deteriora
960 2382 1059 2443 etiam
1084 2381 1262 2442 videantur
1297 2380 1380 2440 -in
1404 2379 1442 2455 V,
1467 2379 1525 2453 qui

304 2499 372 2571 post
402 2495 554 2573 αἴσχιστον
584 2495 685 2556 habet
715 2489 741 2571 μ’
776 2495 891 2556 invitis
921 2496 1079 2558 numeris.
1105 2495 1143 2556 In
1167 2495 1243 2557 aliis
1266 2493 1433 2557 codicibus
1456 2508 1525 2569 per·

304 2625 412 2686 peram
436 2610 518 2672 haee
540 2611 589 2672 sic
611 2611 691 2671 sunt
713 2610 858 2671 mutata:

476 2723 628 2803 αἴσχιστον
652 2721 741 2803 ἔργον
765 2718 791 2801 μ’
820 2721 1092 2803 ἐργασάμενος
1123 2720 1407 2803 προσβλέπεις,

304 2853 359 2900 nec
382 2839 449 2900 nisi
471 2838 506 2899 in
529 2838 645 2914 paucis
669 2839 762 2898 extat
785 2832 973 2914 tragicus&
995 2839 1051 2913 qui
1074 2838 1253 2912 requiritur
1273 2837 1443 2899 trimeter:

477 2951 630 3031 αἴσχιστον
654 2950 743 3031 ἔργον
773 2951 1041 3032 προσβλέπεις
1072 2947 1099 3032 μ’
1134 2950 1408 3033 εἰργασμένος.

383 3066 472 3128 Plut.
498 3068 563 3128 583
587 3067 621 3127 in
644 3066 673 3127 Β
692 3067 818 3143 scripta
841 3070 937 3129 eunt:

339 3180 367 3241 εἰ
377 3178 435 3260 γὰρ
447 3177 598 3256 ἐπλούτει,
617 3189 680 3253 πῶς
693 3177 732 3240 ἂν
743 3190 840 3242 ποιῶν
860 3181 980 3253 αὐτὸς
1003 3180 1070 3242 τὸν
1094 3178 1319 3258 ὀλυμπιιιὸν
1338 3179 1442 3260 ἀγῶνα
1457 3178 1525 3256 κκέ,

297 3295 406 3370 peiora
429 3295 531 3356 etiam
556 3294 590 3355 in
613 3294 652 3371 V,
677 3296 731 3357 hic
755 3297 845 3357 enim
869 3296 997 3357 omittit
1020 3296 1218 3372 particulam
1242 3292 1290 3354 ἄν.
1313 3295 1447 3372 Verum,
1467 3296 1526 3357 sed

297 3421 379 3471 novo
402 3409 485 3469 vitio
508 3409 685 3488 iniectum,
710 3411 848 3487 praebet
870 3413 916 3472 A:

473 3531 537 3596 πῶς
560 3519 599 3582 ἂν
618 3531 716 3584 ποιῶν
740 3523 807 3584 τὸν
831 3520 1111 3603 ὄλυμπι[α]κὸν
1135 3523 1254 3596 αὐτὸς
1277 3520 1390 3603 ἀγῶνα.

338 3751 531 3814 cuiusmodi
554 3768 683 3815 errores
705 3755 739 3815 in
763 3755 935 3816 communi
957 3755 1148 3815 nostrorum
1173 3753 1320 3815 codicum
1346 3752 1528 3828 archetypo

299 3865 434 3927 minime
476 3882 571 3928 raros
612 3867 716 3929 luisse
758 3872 937 3945 postquam
974 3867 1217 3945 intelleximus,
1252 3866 1355 3927 nimis
1385 3867 1527 3929 audaces

298 3979 400 4041 videri
423 3985 592 4056 nequeunt
614 3983 676 4043 hae
699 3983 925 4044 coniecturae:

386 4097 448 4157 Av.
475 4097 571 4157 1247.

386 4208 521 4287 μέλαθρα
545 4205 599 4286 μέν
624 4208 719 4269 αὐτοῦ
743 4209 793 4269 καὶ
823 4209 971 4288 δόμους
995 4212 1204 4289 Ἀμφίονος
1223 4208 1229 4291 1
1250 4210 1479 4271 καταιθαλώσω,

297 4320 366 4382 lovi
390 4324 537 4384 minatur
560 4324 749 4386 Pisetaerus
772 4339 808 4385 se
832 4327 866 4386 et
888 4324 995 4402 ipsius
1019 4329 1053 4386 et
1075 4325 1276 4401 Amphionis
1299 4325 1398 4386 aedes
1417 4325 1527 4386 incen-

298 4449 429 4512 surum;
461 4438 519 4498 sed
547 4437 748 4514 Amphionis
771 4452 893 4500 nomen
917 4439 995 4501 hino
1018 4439 1175 4500 alienum.
1198 4437 1352 4500 Comicus
1375 4439 1526 4500 dederat:

385 4547 521 4630 μέλαθρα
539 4547 593 4628 μέν
605 4549 701 4611 αὐτοῦ
713 4550 763 4611 καλ
787 4549 1034 4629 ἀμφικίονας
1060 4552 1208 4629 δόμους
1224 4547 1248 4623 ⁸)
1270 4551 1275 4630 Ι
1294 4551 1524 4614 καταιθαλώσω.

300 4741 512 4752 -—

331 4867 352 4937 ¹)
369 4873 408 4920 ot.
425 4887 483 4934 pag.
501 4875 560 4934 2²⁰,
580 4877 602 4920 1.

329 4949 351 5014 ¹)
370 4952 408 4999 ct.
425 4966 483 5013 pag.
502 4953 561 5014 2⁰8,
579 4955 601 5000 1.

330 5028 351 5096 ²)
369 5031 423 5080 Non
438 5033 552 5081 indicata
570 5034 651 5094 igitur
667 5033 731 5082 orati
747 5048 822 5097 qnam
841 5035 953 5082 didimus
967 5034 1070 5098 (νείμῃ).
1089 5035 1128 5082 cf.
1146 5049 1206 5096 pag.
1226 5037 1283 5083 805.
