4375 6284
1183 933 1225 979 DE
1248 932 1372 978 POETA!

976 1107 1084 1181 ‚Leve
1107 1107 1284 1166 moventes
1306 1118 1424 1180 corpus
1447 1118 1572 1178 usque;

976 1219 1056 1295 „Vol
1078 1218 1169 1279 Iovis
1191 1217 1329 1293 fugante
1351 1217 1464 1279 nimbo

975 1331 1132 1407 „Varium
1156 1330 1189 1390 ln
1212 1328 1327 1392 infima
1348 1331 1468 1408 palude

975 1444 1160 1519 ‚Duximus
1183 1444 1318 1507 chorum
1342 1448 1501 1508 canentes

930 1556 1088 1633 „Garrula
1110 1558 1195 1631 quod
1218 1572 1303 1632 aqua
1325 1558 1435 1621 eicit.”

707 1672 749 1731 itt
770 1672 820 1732 sic
842 1686 951 1748 porro.

707 1785 795 1847 Bene
829 1785 955 1846 iactum
990 1785 1076 1859 quod
1110 1785 1246 1846 tandem
1281 1800 1461 1861 pervenero
1494 1800 1558 1860 quo
1589 1784 1781 1860 tendebant,
1810 1795 1876 1844 nam

663 1898 759 1973 plane
780 1897 891 1958 fessus
913 1901 967 1958 est
988 1897 1154 1972 Dionysus
1177 1897 1288 1959 labore
1310 1898 1458 1961 insolito.
1478 1898 1664 1975 Egreditur,
1685 1913 1761 1959 ecce
1780 1897 1879 1957 autem

662 2012 757 2072 adest
785 2009 887 2071 etlam
921 2010 1097 2073 Xanthias.
1133 2010 1294 2072 Strenuus
1324 2012 1431 2086 pergit
1459 2026 1567 2074 novus
1596 2011 1731 2074 Alcides
1761 2010 1877 2071 clavam

663 2123 914 2185 circumrotans.
940 2124 1084 2185 Veniant
1107 2125 1205 2186 modo
1230 2125 1346 2200 Stygia
1368 2127 1537 2189 monstra:
1562 2126 1646 2188 mire
1668 2123 1861 2200 plectentur!

708 2235 796 2313 Ques
814 2235 949 2298 insolita
967 2237 1105 2299 audacia
1122 2252 1223 2311 quam
1243 2239 1288 2300 sit
1307 2240 1451 2314 genuina
1468 2240 1555 2300 scire
1574 2239 1712 2315 cupiens
1727 2235 1880 2299 Xantbies

708 2382 749 2394 —
776 2350 823 2426 „0
847 2350 960 2426 bers”‚
985 2350 1109 2412 clamat
1134 2352 1266 2427 „nescio
1290 2352 1366 2426 quid
1390 2353 1511 2429 strepit
1532 2353 1565 2414 in
1589 2353 1643 2414 his
1664 2351 1780 2414 locis.”

712 2498 751 2508 —
779 2463 862 2539 „Ubi
886 2465 1045 2525 autemi'’

713 2612 754 2623 -
782 2577 881 2654 ¹‚Post
902 2579 997 2639 nos.”
1132 2663 1135 2670 A

711 2691 816 2753 celeri
839 2692 920 2767 pede
943 2707 1019 2753 eum
1043 2693 1228 2753 antevertit
1250 2693 1426 2769 Dionysus,

711 2839 751 2849 -
779 2807 844 2881 „At
866 2805 1030 2882 errabam,
1055 2820 1133 2866 nam
1156 2807 1233 2868 ante
1256 2822 1318 2868 nos
1340 2806 1438 2868 audio
1461 2807 1614 2869 sonum.’'

709 2920 776 2980 Nec
798 2935 902 2996 mora,
925 2924 1000 2996 post
1023 2919 1207 2981 Xanthiam
1230 2921 1395 2996 Dionysus
1419 2922 1552 2983 recedit.

708 3033 845 3106 Iamque
875 3034 958 3095 deus
987 3033 1204 3095 meticulosus
1234 3035 1444 3110 impudenter
1473 3035 1626 3097 (luctatur
1655 3035 1696 3096 ab
1719 3038 1883 3097 emunctae

664 3147 756 3206 naris
785 3147 962 3225 mancipio,
994 3147 1103 3208 dirum
1133 3147 1297 3223 quoddam
1325 3150 1514 3209 monstrum
1537 3148 1572 3209 in
1595 3149 1750 3224 proxima
1771 3147 1884 3208 vicinia

662 3275 721 3335 per
742 3259 898 3322 tenebrae
922 3262 1047 3321 versari
1069 3259 1220 3335 dugenti.

707 3373 756 3433 Ex
787 3375 913 3435 terrore
942 3376 1054 3435 autern
1086 3375 1261 3450 postquam
1294 3373 1446 3436 misellus
1475 3374 1637 3436 Hercules
1659 3375 1700 3436 ad
1723 3389 1760 3436 se
1783 3373 1884 3446 rediit,

664 3487 810 3562 pergitur
837 3489 873 3548 et
901 3502 981 3548 mox
1012 3488 1204 3562 pervenitur
1234 3488 1269 3547 in
1298 3490 1433 3564 pratum
1459 3502 1652 3564 amoenum,
1677 3487 1733 3548 ubi
1754 3487 1883 3549 umbrae

665 3599 871 3677 mortalium,
901 3601 958 3675 qui
988 3601 1159 3675 mysteriis
1181 3600 1361 3662 Eleusiniis
1383 3603 1455 3662 tum
1481 3616 1556 3662 cum
1582 3601 1739 3663 vivebant
1761 3601 1884 3662 luerunt

662 3715 800 3790 initiati,
831 3714 995 3775 cantando
1027 3717 1061 3774 et
1090 3713 1243 3776 saltando
1275 3713 1398 3776 testum
1422 3715 1494 3776 sine
1518 3713 1581 3776 fine
1604 3714 1692 3777 diem
1716 3716 1830 3791 agunt,
1853 3714 1885 3772 ut
1968 3789 1969 3794 ἵ

664 3827 743 3888 olim
766 3827 928 3888 solebant.
951 3827 994 3887 Hi
1018 3828 1108 3888 enim
1132 3827 1194 3888 soli
1217 3830 1292 3904 post
1315 3828 1441 3889 obitum
1465 3827 1553 3889 beati
1572 3829 1696 3904 degunt
1714 3829 1748 3889 in
1765 3826 1885 3902 campis
1968 3861 1969 3864 =

663 3942 795 4017 Elysiis.
819 3943 907 4018 Quae
931 3943 1119 4016 mystarum
1143 3941 1281 4004 umbrae
1304 3943 1441 4004 chorum
1465 3943 1597 4005 tabulae
1620 3942 1775 4005 efficiunt

707 4056 788 4117 Ecce
823 4058 934 4116 autem
966 4055 1094 4116 facibus
1129 4069 1286 4118 coruscus
1318 4057 1559 4132 appropinquat
1592 4059 1709 4118 coetus
1740 4056 1884 4117 manium

663 4172 894 4232 coronatorum
906 4168 1119 4243 candidisque
1134 4169 1288 4230 vestibus
1307 4169 1507 4231 indutorum.
1523 4205 1562 4215 -
1580 4171 1753 4246 „Iacchel”
1766 4169 1886 4232 clamor

663 4284 898 4345 sanctissimus
921 4283 989 4344 late
1013 4285 1162 4343 resonat:

798 4396 961 4472 „Cerussa
983 4396 1137 4456 manibus
1159 4397 1288 4458 lumina
1312 4411 1478 4471 quassans
1501 4413 1561 4474 ege
1584 4397 1691 4474 prodi,

974 4509 1122 4586 „Iacche
1147 4525 1166 4570 o
1189 4511 1316 4586 Iacche,

887 4623 1021 4699 „Noctis
1043 4638 1062 4683 o
1086 4622 1226 4685 celebris
1249 4623 1365 4685 lucifer
1387 4624 1489 4700 ignis!

974 4738 1080 4815 ,Face
1104 4737 1194 4800 lucet
1217 4753 1293 4799 ecoe
1316 4741 1463 4815 pratum,

975 4851 1149 4928 „Trepidat
1173 4851 1286 4928 poples
1309 4851 1439 4929 senilis,

974 4965 1133 5041 „Veteres
1156 4968 1283 5042 ponunt
1305 4965 1456 5040 querelas
