<?xml version="1.0" encoding="UTF-8"?>
<!DOCTYPE html PUBLIC "-//W3C//DTD XHTML 1.0 Transitional//EN"
    "http://www.w3.org/TR/xhtml1/DTD/xhtml1-transitional.dtd">
<html xmlns="http://www.w3.org/1999/xhtml" xml:lang="en" lang="en">
 <head>
  <title>
</title>
<meta http-equiv="Content-Type" content="text/html;charset=utf-8" />
  <meta name='ocr-system' content='tesseract 3.04.00' />
  <meta name='ocr-capabilities' content='ocr_page ocr_carea ocr_par ocr_line ocrx_word'/>
</head>
<body>
  <div class='ocr_page' id='page_1' title='image "./prolegomenaadar02unkngoog/prolegomenaadar02unkngoog_0087.png"; bbox 0 0 4375 6284; ppageno 0'>
   <div class='ocr_carea' id='block_1_1' title="bbox 734 967 1514 1031">
    <p class='ocr_par' dir='ltr' id='par_1_1' title="bbox 734 967 1514 1031">
     <span class='ocr_line' id='line_1_1' title="bbox 734 967 1514 1031; baseline 0.003 -5"><span class='ocrx_word' id='word_1_1' title='bbox 734 984 813 1029; x_wconf 73' lang='lat' dir='ltr'>vrrs</span> <span class='ocrx_word' id='word_1_2' title='bbox 836 984 874 1028; x_wconf 80' lang='lat' dir='ltr'>sc</span> <span class='ocrx_word' id='word_1_3' title='bbox 898 983 1070 1031; x_wconf 79' lang='lat' dir='ltr'>eruemus.</span> <span class='ocrx_word' id='word_1_4' title='bbox 1472 967 1514 1028; x_wconf 81' lang='lat'>75</span> 
     </span>
    </p>
   </div>
   <div class='ocr_carea' id='block_1_2' title="bbox 308 1152 1531 4970">
    <p class='ocr_par' dir='ltr' id='par_1_2' title="bbox 314 1152 1516 1331">
     <span class='ocr_line' id='line_1_2' title="bbox 314 1152 1516 1232; baseline -0.002 -17"><span class='ocrx_word' id='word_1_5' title='bbox 314 1172 414 1232; x_wconf 82' lang='lat' dir='ltr'>anceps</span> <span class='ocrx_word' id='word_1_6' title='bbox 446 1156 682 1231; x_wconf 81' lang='lat' dir='ltr'><strong>aliquantisper</strong></span> <span class='ocrx_word' id='word_1_7' title='bbox 710 1154 775 1214; x_wconf 84' lang='lat' dir='ltr'>luit</span> <span class='ocrx_word' id='word_1_8' title='bbox 803 1155 929 1227; x_wconf 86' lang='lat' dir='ltr'>exitus;</span> <span class='ocrx_word' id='word_1_9' title='bbox 961 1155 1104 1215; x_wconf 86' lang='lat' dir='ltr'>victores</span> <span class='ocrx_word' id='word_1_10' title='bbox 1130 1156 1243 1214; x_wconf 87' lang='lat' dir='ltr'>tamen</span> <span class='ocrx_word' id='word_1_11' title='bbox 1267 1152 1516 1214; x_wconf 84' lang='lat' dir='ltr'>Lacedaemonii</span> 
     </span>
     <span class='ocr_line' id='line_1_3' title="bbox 314 1273 484 1331; baseline 0.012 -3"><span class='ocrx_word' id='word_1_12' title='bbox 314 1273 484 1331; x_wconf 84' lang='lat' dir='ltr'>eraserunt.</span> 
     </span>
    </p>

    <p class='ocr_par' dir='ltr' id='par_1_3' title="bbox 308 1379 1527 3598">
     <span class='ocr_line' id='line_1_4' title="bbox 346 1379 1520 1465; baseline -0.002 -23"><span class='ocrx_word' id='word_1_13' title='bbox 346 1381 468 1443; x_wconf 88' lang='lat' dir='ltr'>Bellum</span> <span class='ocrx_word' id='word_1_14' title='bbox 501 1382 602 1457; x_wconf 80' lang='lat' dir='ltr'>igitur</span> <span class='ocrx_word' id='word_1_15' title='bbox 635 1380 742 1442; x_wconf 88' lang='lat' dir='ltr'>denuo</span> <span class='ocrx_word' id='word_1_16' title='bbox 776 1382 962 1456; x_wconf 83' lang='lat' dir='ltr'>exarserat,</span> <span class='ocrx_word' id='word_1_17' title='bbox 997 1395 1058 1441; x_wconf 89' lang='lat' dir='ltr'>nec</span> <span class='ocrx_word' id='word_1_18' title='bbox 1091 1395 1156 1465; x_wconf 91' lang='lat' dir='ltr'>non</span> <span class='ocrx_word' id='word_1_19' title='bbox 1187 1380 1273 1441; x_wconf 89' lang='lat' dir='ltr'>inter</span> <span class='ocrx_word' id='word_1_20' title='bbox 1302 1379 1520 1441; x_wconf 80' lang='lat' dir='ltr'><strong>Athenienses</strong></span> 
     </span>
     <span class='ocr_line' id='line_1_5' title="bbox 312 1494 1517 1570; baseline -0.001 -14"><span class='ocrx_word' id='word_1_21' title='bbox 312 1497 403 1570; x_wconf 84' lang='lat' dir='ltr'>prisca</span> <span class='ocrx_word' id='word_1_22' title='bbox 431 1497 506 1558; x_wconf 88' lang='lat' dir='ltr'>odis</span> <span class='ocrx_word' id='word_1_23' title='bbox 534 1499 613 1558; x_wconf 88' lang='lat' dir='ltr'>sunt</span> <span class='ocrx_word' id='word_1_24' title='bbox 644 1495 835 1557; x_wconf 75' lang='lat' dir='ltr'>refocillata.</span> <span class='ocrx_word' id='word_1_25' title='bbox 866 1494 963 1556; x_wconf 83' lang='lat' dir='ltr'>(lives</span> <span class='ocrx_word' id='word_1_26' title='bbox 992 1496 1042 1556; x_wconf 90' lang='lat' dir='ltr'>ira</span> <span class='ocrx_word' id='word_1_27' title='bbox 1064 1496 1171 1556; x_wconf 90' lang='lat' dir='ltr'>denuo</span> <span class='ocrx_word' id='word_1_28' title='bbox 1193 1497 1228 1556; x_wconf 90' lang='lat' dir='ltr'>in</span> <span class='ocrx_word' id='word_1_29' title='bbox 1252 1496 1341 1557; x_wconf 88' lang='lat' dir='ltr'>cives</span> <span class='ocrx_word' id='word_1_30' title='bbox 1363 1497 1442 1556; x_wconf 89' lang='lat' dir='ltr'>sunt</span> <span class='ocrx_word' id='word_1_31' title='bbox 1462 1495 1517 1555; x_wconf 91' lang='lat' dir='ltr'>sti·</span> 
     </span>
     <span class='ocr_line' id='line_1_6' title="bbox 312 1608 1520 1687; baseline -0.001 -18"><span class='ocrx_word' id='word_1_32' title='bbox 312 1610 430 1686; x_wconf 91' lang='lat' dir='ltr'>mulati,</span> <span class='ocrx_word' id='word_1_33' title='bbox 461 1626 540 1687; x_wconf 91' lang='lat' dir='ltr'>prae</span> <span class='ocrx_word' id='word_1_34' title='bbox 570 1610 640 1670; x_wconf 91' lang='lat' dir='ltr'>suis</span> <span class='ocrx_word' id='word_1_35' title='bbox 663 1610 810 1685; x_wconf 91' lang='lat' dir='ltr'>ipsorum</span> <span class='ocrx_word' id='word_1_36' title='bbox 834 1608 953 1670; x_wconf 92' lang='lat' dir='ltr'>studiis</span> <span class='ocrx_word' id='word_1_37' title='bbox 976 1610 1103 1684; x_wconf 80' lang='lat' dir='ltr'>patriae</span> <span class='ocrx_word' id='word_1_38' title='bbox 1126 1609 1269 1670; x_wconf 81' lang='lat' dir='ltr'>salutem</span> <span class='ocrx_word' id='word_1_39' title='bbox 1295 1609 1520 1684; x_wconf 69' lang='lat' dir='ltr'>neglegentes,</span> 
     </span>
     <span class='ocr_line' id='line_1_7' title="bbox 311 1721 1521 1798; baseline -0.002 -16"><span class='ocrx_word' id='word_1_40' title='bbox 311 1725 336 1782; x_wconf 88' lang='lat' dir='ltr'>et</span> <span class='ocrx_word' id='word_1_41' title='bbox 355 1723 383 1783; x_wconf 92' lang='lat' dir='ltr'>in</span> <span class='ocrx_word' id='word_1_42' title='bbox 404 1723 692 1798; x_wconf 75' lang='lat' dir='ltr'>perniciosissimis</span> <span class='ocrx_word' id='word_1_43' title='bbox 710 1721 778 1782; x_wconf 90' lang='lat' dir='ltr'>illis</span> <span class='ocrx_word' id='word_1_44' title='bbox 797 1721 979 1783; x_wconf 76' lang='lat' dir='ltr'>sectionum</span> <span class='ocrx_word' id='word_1_45' title='bbox 997 1722 1263 1784; x_wconf 82' lang='lat' dir='ltr'>contentionibus</span> <span class='ocrx_word' id='word_1_46' title='bbox 1276 1723 1363 1784; x_wconf 87' lang='lat' dir='ltr'>vires</span> <span class='ocrx_word' id='word_1_47' title='bbox 1375 1721 1521 1782; x_wconf 84' lang='lat' dir='ltr'>civitatis</span> 
     </span>
     <span class='ocr_line' id='line_1_8' title="bbox 311 1835 1522 1910; baseline -0.001 -15"><span class='ocrx_word' id='word_1_48' title='bbox 311 1835 563 1898; x_wconf 84' lang='lat' dir='ltr'>absumebantur.</span> <span class='ocrx_word' id='word_1_49' title='bbox 593 1835 664 1897; x_wconf 83' lang='lat' dir='ltr'>Non</span> <span class='ocrx_word' id='word_1_50' title='bbox 696 1836 785 1896; x_wconf 90' lang='lat' dir='ltr'>enim</span> <span class='ocrx_word' id='word_1_51' title='bbox 817 1838 889 1895; x_wconf 84' lang='lat' dir='ltr'>eret</span> <span class='ocrx_word' id='word_1_52' title='bbox 911 1835 961 1897; x_wconf 90' lang='lat' dir='ltr'>vir</span> <span class='ocrx_word' id='word_1_53' title='bbox 987 1835 1184 1897; x_wconf 89' lang='lat' dir='ltr'>auctoritate</span> <span class='ocrx_word' id='word_1_54' title='bbox 1205 1850 1381 1910; x_wconf 87' lang='lat' dir='ltr'>rerumque</span> <span class='ocrx_word' id='word_1_55' title='bbox 1403 1835 1522 1910; x_wconf 85' lang='lat' dir='ltr'>peritis</span> 
     </span>
     <span class='ocr_line' id='line_1_9' title="bbox 310 1947 1523 2026; baseline -0.001 -17"><span class='ocrx_word' id='word_1_56' title='bbox 310 1949 519 2026; x_wconf 91' lang='lat' dir='ltr'>praepollens,</span> <span class='ocrx_word' id='word_1_57' title='bbox 551 1949 608 2024; x_wconf 86' lang='lat' dir='ltr'>qui</span> <span class='ocrx_word' id='word_1_58' title='bbox 637 1948 729 2010; x_wconf 93' lang='lat' dir='ltr'>nullo</span> <span class='ocrx_word' id='word_1_59' title='bbox 760 1948 913 2009; x_wconf 81' lang='lat' dir='ltr'>obstante</span> <span class='ocrx_word' id='word_1_60' title='bbox 945 1953 1072 2010; x_wconf 88' lang='lat' dir='ltr'>certum</span> <span class='ocrx_word' id='word_1_61' title='bbox 1095 1949 1129 2009; x_wconf 92' lang='lat' dir='ltr'>in</span> <span class='ocrx_word' id='word_1_62' title='bbox 1154 1948 1288 2010; x_wconf 83' lang='lat' dir='ltr'>civitate</span> <span class='ocrx_word' id='word_1_63' title='bbox 1310 1947 1523 2023; x_wconf 81' lang='lat' dir='ltr'>gubernanda</span> 
     </span>
     <span class='ocr_line' id='line_1_10' title="bbox 310 2061 1522 2139; baseline -0.002 -16"><span class='ocrx_word' id='word_1_64' title='bbox 310 2064 443 2124; x_wconf 81' lang='lat' dir='ltr'>servaret</span> <span class='ocrx_word' id='word_1_65' title='bbox 471 2067 636 2139; x_wconf 90' lang='lat' dir='ltr'>tenorem,</span> <span class='ocrx_word' id='word_1_66' title='bbox 660 2063 718 2123; x_wconf 89' lang='lat' dir='ltr'>sed</span> <span class='ocrx_word' id='word_1_67' title='bbox 741 2065 828 2125; x_wconf 87' lang='lat' dir='ltr'>inter</span> <span class='ocrx_word' id='word_1_68' title='bbox 849 2078 886 2123; x_wconf 90' lang='lat' dir='ltr'>se</span> <span class='ocrx_word' id='word_1_69' title='bbox 908 2061 1163 2138; x_wconf 83' lang='lat' dir='ltr'>praepediebant</span> <span class='ocrx_word' id='word_1_70' title='bbox 1184 2063 1328 2138; x_wconf 88' lang='lat' dir='ltr'>partium</span> <span class='ocrx_word' id='word_1_71' title='bbox 1352 2061 1464 2138; x_wconf 88' lang='lat' dir='ltr'>duces,</span> <span class='ocrx_word' id='word_1_72' title='bbox 1489 2063 1522 2122; x_wconf 90' lang='lat' dir='ltr'>et</span> 
     </span>
     <span class='ocr_line' id='line_1_11' title="bbox 309 2167 1523 2251; baseline -0.001 -16"><span class='ocrx_word' id='word_1_73' title='bbox 309 2189 382 2236; x_wconf 87' lang='lat' dir='ltr'>anno</span> <span class='ocrx_word' id='word_1_74' title='bbox 404 2176 469 2236; x_wconf 80' lang='lat'>417</span> <span class='ocrx_word' id='word_1_75' title='bbox 495 2191 572 2236; x_wconf 88' lang='lat' dir='ltr'>cum</span> <span class='ocrx_word' id='word_1_76' title='bbox 596 2175 635 2236; x_wconf 93' lang='lat' dir='ltr'>ad</span> <span class='ocrx_word' id='word_1_77' title='bbox 660 2177 823 2237; x_wconf 88' lang='lat' dir='ltr'>testarum</span> <span class='ocrx_word' id='word_1_78' title='bbox 847 2175 1041 2250; x_wconf 74' lang='lat' dir='ltr'>suffragium</span> <span class='ocrx_word' id='word_1_79' title='bbox 1065 2167 1241 2250; x_wconf 79' lang='lat' dir='ltr'>confugere</span> <span class='ocrx_word' id='word_1_80' title='bbox 1263 2174 1457 2251; x_wconf 85' lang='lat' dir='ltr'>placuisset,</span> <span class='ocrx_word' id='word_1_81' title='bbox 1482 2188 1523 2234; x_wconf 89' lang='lat' dir='ltr'>ne</span> 
     </span>
     <span class='ocr_line' id='line_1_12' title="bbox 309 2288 1522 2365; baseline -0.001 -17"><span class='ocrx_word' id='word_1_82' title='bbox 309 2289 374 2361; x_wconf 82' lang='lat' dir='ltr'>quid</span> <span class='ocrx_word' id='word_1_83' title='bbox 403 2289 596 2350; x_wconf 84' lang='lat' dir='ltr'>detrimenti</span> <span class='ocrx_word' id='word_1_84' title='bbox 626 2304 679 2351; x_wconf 87' lang='lat' dir='ltr'>ros</span> <span class='ocrx_word' id='word_1_85' title='bbox 708 2290 839 2364; x_wconf 83' lang='lat' dir='ltr'>publice</span> <span class='ocrx_word' id='word_1_86' title='bbox 868 2292 1014 2365; x_wconf 88' lang='lat' dir='ltr'>caperet,</span> <span class='ocrx_word' id='word_1_87' title='bbox 1045 2305 1086 2350; x_wconf 89' lang='lat' dir='ltr'>ne</span> <span class='ocrx_word' id='word_1_88' title='bbox 1111 2289 1266 2350; x_wconf 90' lang='lat' dir='ltr'>ultimum</span> <span class='ocrx_word' id='word_1_89' title='bbox 1297 2288 1428 2364; x_wconf 90' lang='lat' dir='ltr'>quidem</span> <span class='ocrx_word' id='word_1_90' title='bbox 1461 2288 1522 2348; x_wconf 93' lang='lat' dir='ltr'>hoc</span> 
     </span>
     <span class='ocr_line' id='line_1_13' title="bbox 310 2401 1523 2479; baseline 0 -19"><span class='ocrx_word' id='word_1_91' title='bbox 310 2401 494 2478; x_wconf 89' lang='lat' dir='ltr'>remedium,</span> <span class='ocrx_word' id='word_1_92' title='bbox 519 2403 614 2464; x_wconf 89' lang='lat' dir='ltr'>cuius</span> <span class='ocrx_word' id='word_1_93' title='bbox 637 2402 768 2465; x_wconf 86' lang='lat' dir='ltr'>utilitas</span> <span class='ocrx_word' id='word_1_94' title='bbox 788 2405 918 2477; x_wconf 90' lang='lat' dir='ltr'>patrum</span> <span class='ocrx_word' id='word_1_95' title='bbox 939 2405 1051 2463; x_wconf 87' lang='lat' dir='ltr'>aetate</span> <span class='ocrx_word' id='word_1_96' title='bbox 1069 2403 1203 2479; x_wconf 90' lang='lat' dir='ltr'>saepius</span> <span class='ocrx_word' id='word_1_97' title='bbox 1220 2402 1327 2463; x_wconf 77' lang='lat' dir='ltr'>metat</span> <span class='ocrx_word' id='word_1_98' title='bbox 1339 2401 1523 2477; x_wconf 86' lang='lat' dir='ltr'>explorata,</span> 
     </span>
     <span class='ocr_line' id='line_1_14' title="bbox 309 2513 1522 2590; baseline -0.002 -14"><span class='ocrx_word' id='word_1_99' title='bbox 309 2515 343 2575; x_wconf 86' lang='lat' dir='ltr'>ad</span> <span class='ocrx_word' id='word_1_100' title='bbox 370 2517 607 2577; x_wconf 87' lang='lat' dir='ltr'>restituendam</span> <span class='ocrx_word' id='word_1_101' title='bbox 637 2516 724 2578; x_wconf 86' lang='lat' dir='ltr'>inter</span> <span class='ocrx_word' id='word_1_102' title='bbox 755 2517 846 2578; x_wconf 88' lang='lat' dir='ltr'>cives</span> <span class='ocrx_word' id='word_1_103' title='bbox 877 2516 1083 2578; x_wconf 91' lang='lat' dir='ltr'>concordiam</span> <span class='ocrx_word' id='word_1_104' title='bbox 1117 2516 1222 2578; x_wconf 83' lang='lat' dir='ltr'>veluit</span> <span class='ocrx_word' id='word_1_105' title='bbox 1249 2516 1441 2590; x_wconf 84' lang='lat' dir='ltr'>quicquam,</span> <span class='ocrx_word' id='word_1_106' title='bbox 1465 2513 1522 2574; x_wconf 88' lang='lat' dir='ltr'>sed</span> 
     </span>
     <span class='ocr_line' id='line_1_15' title="bbox 310 2627 1524 2706; baseline 0.001 -19"><span class='ocrx_word' id='word_1_107' title='bbox 310 2627 344 2687; x_wconf 89' lang='lat' dir='ltr'>ad</span> <span class='ocrx_word' id='word_1_108' title='bbox 370 2630 497 2690; x_wconf 90' lang='lat' dir='ltr'>irritum</span> <span class='ocrx_word' id='word_1_109' title='bbox 529 2629 682 2691; x_wconf 87' lang='lat' dir='ltr'>concidit.</span> <span class='ocrx_word' id='word_1_110' title='bbox 714 2629 917 2691; x_wconf 83' lang='lat' dir='ltr'>Alcibiadem</span> <span class='ocrx_word' id='word_1_111' title='bbox 945 2629 978 2690; x_wconf 91' lang='lat' dir='ltr'>in</span> <span class='ocrx_word' id='word_1_112' title='bbox 1004 2629 1142 2690; x_wconf 89' lang='lat' dir='ltr'>exilium</span> <span class='ocrx_word' id='word_1_113' title='bbox 1165 2630 1298 2706; x_wconf 92' lang='lat' dir='ltr'>pulsum</span> <span class='ocrx_word' id='word_1_114' title='bbox 1323 2627 1441 2702; x_wconf 83' lang='lat' dir='ltr'>ibatur,</span> <span class='ocrx_word' id='word_1_115' title='bbox 1466 2628 1524 2688; x_wconf 91' lang='lat' dir='ltr'>sed</span> 
     </span>
     <span class='ocr_line' id='line_1_16' title="bbox 309 2741 1527 2819; baseline 0.001 -19"><span class='ocrx_word' id='word_1_116' title='bbox 309 2755 399 2802; x_wconf 87' lang='lat' dir='ltr'>urnae</span> <span class='ocrx_word' id='word_1_117' title='bbox 430 2757 506 2803; x_wconf 92' lang='lat' dir='ltr'>cum</span> <span class='ocrx_word' id='word_1_118' title='bbox 529 2744 609 2803; x_wconf 91' lang='lat' dir='ltr'>sunt</span> <span class='ocrx_word' id='word_1_119' title='bbox 631 2741 796 2818; x_wconf 89' lang='lat' dir='ltr'>diribitae,</span> <span class='ocrx_word' id='word_1_120' title='bbox 821 2743 973 2819; x_wconf 88' lang='lat' dir='ltr'>apparuit</span> <span class='ocrx_word' id='word_1_121' title='bbox 995 2742 1239 2803; x_wconf 87' lang='lat' dir='ltr'>adolescentem</span> <span class='ocrx_word' id='word_1_122' title='bbox 1264 2741 1465 2802; x_wconf 89' lang='lat' dir='ltr'>callidiorem</span> <span class='ocrx_word' id='word_1_123' title='bbox 1489 2755 1527 2801; x_wconf 91' lang='lat' dir='ltr'>se</span> 
     </span>
     <span class='ocr_line' id='line_1_17' title="bbox 308 2853 1527 2929; baseline 0 -16"><span class='ocrx_word' id='word_1_124' title='bbox 308 2854 506 2927; x_wconf 89' lang='lat' dir='ltr'>praestitisse</span> <span class='ocrx_word' id='word_1_125' title='bbox 546 2869 645 2928; x_wconf 86' lang='lat' dir='ltr'>quam</span> <span class='ocrx_word' id='word_1_126' title='bbox 678 2856 787 2916; x_wconf 86' lang='lat' dir='ltr'>virum</span> <span class='ocrx_word' id='word_1_127' title='bbox 821 2857 1006 2929; x_wconf 88' lang='lat' dir='ltr'>maturum,</span> <span class='ocrx_word' id='word_1_128' title='bbox 1043 2855 1192 2916; x_wconf 81' lang='lat' dir='ltr'>effecisse</span> <span class='ocrx_word' id='word_1_129' title='bbox 1227 2855 1316 2915; x_wconf 91' lang='lat' dir='ltr'>enim</span> <span class='ocrx_word' id='word_1_130' title='bbox 1351 2855 1388 2914; x_wconf 91' lang='lat' dir='ltr'>ut</span> <span class='ocrx_word' id='word_1_131' title='bbox 1422 2853 1527 2928; x_wconf 92' lang='lat' dir='ltr'>ipsius</span> 
     </span>
     <span class='ocr_line' id='line_1_18' title="bbox 309 2967 1524 3043; baseline 0 -15"><span class='ocrx_word' id='word_1_132' title='bbox 309 2967 448 3030; x_wconf 77' lang='lat' dir='ltr'>asseclas</span> <span class='ocrx_word' id='word_1_133' title='bbox 467 2984 542 3029; x_wconf 86' lang='lat' dir='ltr'>eum</span> <span class='ocrx_word' id='word_1_134' title='bbox 563 2968 711 3030; x_wconf 85' lang='lat' dir='ltr'>Nicianis</span> <span class='ocrx_word' id='word_1_135' title='bbox 721 2970 806 3031; x_wconf 89' lang='lat' dir='ltr'>inito</span> <span class='ocrx_word' id='word_1_136' title='bbox 817 2969 972 3030; x_wconf 90' lang='lat' dir='ltr'>sodalicio</span> <span class='ocrx_word' id='word_1_137' title='bbox 985 2969 1018 3030; x_wconf 92' lang='lat' dir='ltr'>in</span> <span class='ocrx_word' id='word_1_138' title='bbox 1031 2969 1167 3031; x_wconf 84' lang='lat' dir='ltr'>tertium</span> <span class='ocrx_word' id='word_1_139' title='bbox 1180 2969 1343 3043; x_wconf 88' lang='lat' dir='ltr'>quendam</span> <span class='ocrx_word' id='word_1_140' title='bbox 1356 2968 1524 3029; x_wconf 88' lang='lat' dir='ltr'>hominem</span> 
     </span>
     <span class='ocr_line' id='line_1_19' title="bbox 309 3080 1524 3157; baseline 0.004 -21"><span class='ocrx_word' id='word_1_141' title='bbox 309 3082 487 3141; x_wconf 81' lang='lat' dir='ltr'>averterent</span> <span class='ocrx_word' id='word_1_142' title='bbox 530 3080 726 3156; x_wconf 88' lang='lat' dir='ltr'>periculum;</span> <span class='ocrx_word' id='word_1_143' title='bbox 768 3082 880 3156; x_wconf 88' lang='lat' dir='ltr'>itaque</span> <span class='ocrx_word' id='word_1_144' title='bbox 917 3097 983 3143; x_wconf 91' lang='lat' dir='ltr'>nou</span> <span class='ocrx_word' id='word_1_145' title='bbox 1024 3082 1135 3144; x_wconf 84' lang='lat' dir='ltr'>Nicias</span> <span class='ocrx_word' id='word_1_146' title='bbox 1176 3081 1254 3143; x_wconf 86' lang='lat' dir='ltr'>urbe</span> <span class='ocrx_word' id='word_1_147' title='bbox 1288 3081 1424 3157; x_wconf 87' lang='lat' dir='ltr'>excidit,</span> <span class='ocrx_word' id='word_1_148' title='bbox 1458 3095 1524 3142; x_wconf 92' lang='lat' dir='ltr'>non</span> 
     </span>
     <span class='ocr_line' id='line_1_20' title="bbox 309 3191 1525 3272; baseline 0.003 -22"><span class='ocrx_word' id='word_1_149' title='bbox 309 3191 498 3269; x_wconf 89' lang='lat' dir='ltr'>Alcibiades,</span> <span class='ocrx_word' id='word_1_150' title='bbox 530 3195 609 3256; x_wconf 90' lang='lat' dir='ltr'>sed.</span> <span class='ocrx_word' id='word_1_151' title='bbox 625 3239 632 3255; x_wconf 94' lang='lat'>.</span> <span class='ocrx_word' id='word_1_152' title='bbox 647 3239 654 3255; x_wconf 92' lang='lat'><strong>.</strong></span> <span class='ocrx_word' id='word_1_153' title='bbox 667 3195 845 3268; x_wconf 82' lang='lat' dir='ltr'>quisnam?</span> <span class='ocrx_word' id='word_1_154' title='bbox 874 3195 1081 3270; x_wconf 85' lang='lat' dir='ltr'>Hyperbolus</span> <span class='ocrx_word' id='word_1_155' title='bbox 1110 3195 1250 3272; x_wconf 88' lang='lat' dir='ltr'>scilicet,</span> <span class='ocrx_word' id='word_1_156' title='bbox 1274 3194 1393 3256; x_wconf 90' lang='lat' dir='ltr'>humili</span> <span class='ocrx_word' id='word_1_157' title='bbox 1415 3196 1448 3254; x_wconf 85' lang='lat' dir='ltr'>et</span> <span class='ocrx_word' id='word_1_158' title='bbox 1468 3194 1525 3254; x_wconf 85' lang='lat' dir='ltr'>vix</span> 
     </span>
     <span class='ocr_line' id='line_1_21' title="bbox 308 3303 1527 3382; baseline 0.004 -19"><span class='ocrx_word' id='word_1_159' title='bbox 308 3303 425 3368; x_wconf 86' lang='lat' dir='ltr'>liberali</span> <span class='ocrx_word' id='word_1_160' title='bbox 442 3308 569 3382; x_wconf 77' lang='lat' dir='ltr'>origine</span> <span class='ocrx_word' id='word_1_161' title='bbox 588 3307 795 3370; x_wconf 88' lang='lat' dir='ltr'>lucernarum</span> <span class='ocrx_word' id='word_1_162' title='bbox 816 3309 968 3369; x_wconf 89' lang='lat' dir='ltr'>venditor</span> <span class='ocrx_word' id='word_1_163' title='bbox 986 3311 1019 3370; x_wconf 88' lang='lat' dir='ltr'>et</span> <span class='ocrx_word' id='word_1_164' title='bbox 1037 3308 1154 3371; x_wconf 80' lang='lat' dir='ltr'>rabula</span> <span class='ocrx_word' id='word_1_165' title='bbox 1171 3309 1320 3370; x_wconf 85' lang='lat' dir='ltr'>lorensis.</span> <span class='ocrx_word' id='word_1_166' title='bbox 1342 3307 1527 3370; x_wconf 86' lang='lat' dir='ltr'>Alcibiades</span> 
     </span>
     <span class='ocr_line' id='line_1_22' title="bbox 310 3421 1525 3495; baseline 0.006 -19"><span class='ocrx_word' id='word_1_167' title='bbox 310 3421 411 3480; x_wconf 88' lang='lat' dir='ltr'>antem</span> <span class='ocrx_word' id='word_1_168' title='bbox 433 3421 547 3482; x_wconf 91' lang='lat' dir='ltr'>sodale</span> <span class='ocrx_word' id='word_1_169' title='bbox 569 3422 632 3482; x_wconf 90' lang='lat' dir='ltr'>hoc</span> <span class='ocrx_word' id='word_1_170' title='bbox 653 3421 794 3483; x_wconf 89' lang='lat' dir='ltr'>molesto</span> <span class='ocrx_word' id='word_1_171' title='bbox 818 3421 977 3483; x_wconf 88' lang='lat' dir='ltr'>liberatus</span> <span class='ocrx_word' id='word_1_172' title='bbox 999 3426 1071 3484; x_wconf 85' lang='lat' dir='ltr'>eret</span> <span class='ocrx_word' id='word_1_173' title='bbox 1094 3426 1127 3483; x_wconf 87' lang='lat' dir='ltr'>et</span> <span class='ocrx_word' id='word_1_174' title='bbox 1150 3421 1278 3484; x_wconf 74' lang='lat' dir='ltr'>firmius</span> <span class='ocrx_word' id='word_1_175' title='bbox 1301 3423 1402 3484; x_wconf 89' lang='lat' dir='ltr'>etism</span> <span class='ocrx_word' id='word_1_176' title='bbox 1425 3436 1525 3495; x_wconf 87' lang='lat' dir='ltr'>quam</span> 
     </span>
     <span class='ocr_line' id='line_1_23' title="bbox 309 3533 1069 3598; baseline 0.008 -8"><span class='ocrx_word' id='word_1_177' title='bbox 309 3533 397 3593; x_wconf 87' lang='lat' dir='ltr'>antea</span> <span class='ocrx_word' id='word_1_178' title='bbox 417 3548 517 3594; x_wconf 91' lang='lat' dir='ltr'>suum</span> <span class='ocrx_word' id='word_1_179' title='bbox 540 3534 574 3594; x_wconf 90' lang='lat' dir='ltr'>in</span> <span class='ocrx_word' id='word_1_180' title='bbox 598 3533 735 3594; x_wconf 87' lang='lat' dir='ltr'>civitate</span> <span class='ocrx_word' id='word_1_181' title='bbox 757 3534 866 3596; x_wconf 93' lang='lat' dir='ltr'>locum</span> <span class='ocrx_word' id='word_1_182' title='bbox 891 3535 1069 3598; x_wconf 88' lang='lat' dir='ltr'>obtinebat.</span> 
     </span>
    </p>

    <p class='ocr_par' dir='ltr' id='par_1_4' title="bbox 310 3643 1531 4970">
     <span class='ocr_line' id='line_1_24' title="bbox 349 3643 1527 3725; baseline 0.004 -21"><span class='ocrx_word' id='word_1_183' title='bbox 349 3643 384 3705; x_wconf 89' lang='lat' dir='ltr'>id</span> <span class='ocrx_word' id='word_1_184' title='bbox 410 3646 495 3720; x_wconf 90' lang='lat' dir='ltr'>quod</span> <span class='ocrx_word' id='word_1_185' title='bbox 525 3661 612 3708; x_wconf 90' lang='lat' dir='ltr'>anno</span> <span class='ocrx_word' id='word_1_186' title='bbox 641 3646 792 3722; x_wconf 88' lang='lat' dir='ltr'>proximo</span> <span class='ocrx_word' id='word_1_187' title='bbox 822 3664 899 3710; x_wconf 91' lang='lat' dir='ltr'>cum</span> <span class='ocrx_word' id='word_1_188' title='bbox 928 3650 1078 3711; x_wconf 81' lang='lat' dir='ltr'>marimo</span> <span class='ocrx_word' id='word_1_189' title='bbox 1100 3665 1161 3711; x_wconf 91' lang='lat' dir='ltr'>suo</span> <span class='ocrx_word' id='word_1_190' title='bbox 1185 3649 1274 3710; x_wconf 89' lang='lat' dir='ltr'>malo</span> <span class='ocrx_word' id='word_1_191' title='bbox 1297 3650 1424 3725; x_wconf 82' lang='lat' dir='ltr'>experti</span> <span class='ocrx_word' id='word_1_192' title='bbox 1448 3652 1527 3710; x_wconf 91' lang='lat' dir='ltr'>sunt</span> 
     </span>
     <span class='ocr_line' id='line_1_25' title="bbox 310 3756 1528 3839; baseline 0.004 -22"><span class='ocrx_word' id='word_1_193' title='bbox 310 3756 398 3819; x_wconf 88' lang='lat' dir='ltr'>lielii.</span> <span class='ocrx_word' id='word_1_194' title='bbox 430 3758 520 3835; x_wconf 78' lang='lat' dir='ltr'>Quae</span> <span class='ocrx_word' id='word_1_195' title='bbox 554 3760 675 3821; x_wconf 86' lang='lat' dir='ltr'>civitas</span> <span class='ocrx_word' id='word_1_196' title='bbox 707 3759 826 3822; x_wconf 78' lang='lat' dir='ltr'>Dorica</span> <span class='ocrx_word' id='word_1_197' title='bbox 856 3761 932 3823; x_wconf 89' lang='lat' dir='ltr'>licet</span> <span class='ocrx_word' id='word_1_198' title='bbox 962 3762 1078 3839; x_wconf 85' lang='lat' dir='ltr'>culpae</span> <span class='ocrx_word' id='word_1_199' title='bbox 1109 3762 1190 3824; x_wconf 92' lang='lat' dir='ltr'>nihil</span> <span class='ocrx_word' id='word_1_200' title='bbox 1222 3762 1397 3837; x_wconf 90' lang='lat' dir='ltr'>quicquam</span> <span class='ocrx_word' id='word_1_201' title='bbox 1427 3763 1460 3822; x_wconf 91' lang='lat' dir='ltr'>in</span> <span class='ocrx_word' id='word_1_202' title='bbox 1491 3777 1528 3823; x_wconf 88' lang='lat' dir='ltr'>se</span> 
     </span>
     <span class='ocr_line' id='line_1_26' title="bbox 310 3869 1526 3952; baseline 0.004 -21"><span class='ocrx_word' id='word_1_203' title='bbox 310 3869 492 3933; x_wconf 87' lang='lat' dir='ltr'>admisisset</span> <span class='ocrx_word' id='word_1_204' title='bbox 521 3873 586 3933; x_wconf 88' lang='lat' dir='ltr'>nisi</span> <span class='ocrx_word' id='word_1_205' title='bbox 616 3873 677 3934; x_wconf 92' lang='lat' dir='ltr'>hoe</span> <span class='ocrx_word' id='word_1_206' title='bbox 707 3888 825 3950; x_wconf 92' lang='lat' dir='ltr'>unum,</span> <span class='ocrx_word' id='word_1_207' title='bbox 854 3877 938 3948; x_wconf 87' lang='lat' dir='ltr'>quod</span> <span class='ocrx_word' id='word_1_208' title='bbox 963 3891 1026 3938; x_wconf 92' lang='lat' dir='ltr'>non</span> <span class='ocrx_word' id='word_1_209' title='bbox 1050 3877 1083 3937; x_wconf 92' lang='lat' dir='ltr'>in</span> <span class='ocrx_word' id='word_1_210' title='bbox 1107 3879 1196 3937; x_wconf 87' lang='lat' dir='ltr'>terra</span> <span class='ocrx_word' id='word_1_211' title='bbox 1218 3875 1315 3937; x_wconf 89' lang='lat' dir='ltr'>flrma</span> <span class='ocrx_word' id='word_1_212' title='bbox 1337 3879 1426 3937; x_wconf 91' lang='lat' dir='ltr'>esset</span> <span class='ocrx_word' id='word_1_213' title='bbox 1448 3875 1526 3952; x_wconf 90' lang='lat' dir='ltr'>sita,</span> 
     </span>
     <span class='ocr_line' id='line_1_27' title="bbox 311 3986 1527 4066; baseline 0.007 -25"><span class='ocrx_word' id='word_1_214' title='bbox 311 3986 493 4060; x_wconf 88' lang='lat' dir='ltr'>necopinato</span> <span class='ocrx_word' id='word_1_215' title='bbox 528 3986 569 4048; x_wconf 88' lang='lat' dir='ltr'>eb</span> <span class='ocrx_word' id='word_1_216' title='bbox 602 3987 862 4049; x_wconf 80' lang='lat' dir='ltr'>Atheniensibus</span> <span class='ocrx_word' id='word_1_217' title='bbox 892 3989 984 4049; x_wconf 90' lang='lat' dir='ltr'>iussa</span> <span class='ocrx_word' id='word_1_218' title='bbox 1014 3992 1066 4050; x_wconf 90' lang='lat' dir='ltr'>est</span> <span class='ocrx_word' id='word_1_219' title='bbox 1095 3991 1136 4050; x_wconf 87' lang='lat' dir='ltr'>ad</span> <span class='ocrx_word' id='word_1_220' title='bbox 1166 3991 1310 4066; x_wconf 88' lang='lat' dir='ltr'>ipsorum</span> <span class='ocrx_word' id='word_1_221' title='bbox 1334 3989 1527 4050; x_wconf 82' lang='lat' dir='ltr'>societatem</span> 
     </span>
     <span class='ocr_line' id='line_1_28' title="bbox 311 4098 1528 4178; baseline 0.002 -19"><span class='ocrx_word' id='word_1_222' title='bbox 311 4098 470 4174; x_wconf 83' lang='lat' dir='ltr'>accedere;</span> <span class='ocrx_word' id='word_1_223' title='bbox 495 4114 561 4161; x_wconf 91' lang='lat' dir='ltr'>non</span> <span class='ocrx_word' id='word_1_224' title='bbox 585 4101 686 4161; x_wconf 86' lang='lat' dir='ltr'>etism</span> <span class='ocrx_word' id='word_1_225' title='bbox 711 4101 809 4163; x_wconf 90' lang='lat' dir='ltr'>licere</span> <span class='ocrx_word' id='word_1_226' title='bbox 833 4103 876 4178; x_wconf 92' lang='lat' dir='ltr'>ei,</span> <span class='ocrx_word' id='word_1_227' title='bbox 902 4104 941 4162; x_wconf 93' lang='lat' dir='ltr'>ut</span> <span class='ocrx_word' id='word_1_228' title='bbox 964 4103 1140 4178; x_wconf 90' lang='lat' dir='ltr'>hactenus,</span> <span class='ocrx_word' id='word_1_229' title='bbox 1164 4119 1183 4163; x_wconf 91' lang='lat' dir='ltr'>a</span> <span class='ocrx_word' id='word_1_230' title='bbox 1207 4103 1333 4163; x_wconf 90' lang='lat' dir='ltr'>neutris</span> <span class='ocrx_word' id='word_1_231' title='bbox 1351 4104 1439 4163; x_wconf 81' lang='lat' dir='ltr'>stare</span> <span class='ocrx_word' id='word_1_232' title='bbox 1458 4116 1528 4177; x_wconf 89' lang='lat' dir='ltr'>par·</span> 
     </span>
     <span class='ocr_line' id='line_1_29' title="bbox 312 4208 1528 4288; baseline 0.005 -20"><span class='ocrx_word' id='word_1_233' title='bbox 312 4208 406 4288; x_wconf 86' lang='lat' dir='ltr'>tibus;</span> <span class='ocrx_word' id='word_1_234' title='bbox 431 4214 575 4276; x_wconf 87' lang='lat' dir='ltr'>insulem</span> <span class='ocrx_word' id='word_1_235' title='bbox 599 4229 691 4276; x_wconf 88' lang='lat' dir='ltr'>esse:</span> <span class='ocrx_word' id='word_1_236' title='bbox 714 4230 807 4276; x_wconf 90' lang='lat' dir='ltr'>mare</span> <span class='ocrx_word' id='word_1_237' title='bbox 830 4217 865 4276; x_wconf 91' lang='lat' dir='ltr'>et</span> <span class='ocrx_word' id='word_1_238' title='bbox 887 4216 916 4275; x_wconf 92' lang='lat' dir='ltr'>si</span> <span class='ocrx_word' id='word_1_239' title='bbox 941 4216 1017 4288; x_wconf 90' lang='lat' dir='ltr'>quid</span> <span class='ocrx_word' id='word_1_240' title='bbox 1041 4215 1073 4276; x_wconf 89' lang='lat' dir='ltr'>in</span> <span class='ocrx_word' id='word_1_241' title='bbox 1098 4217 1183 4277; x_wconf 89' lang='lat' dir='ltr'>mari</span> <span class='ocrx_word' id='word_1_242' title='bbox 1206 4217 1330 4277; x_wconf 83' lang='lat' dir='ltr'>iaceret</span> <span class='ocrx_word' id='word_1_243' title='bbox 1353 4216 1528 4277; x_wconf 90' lang='lat' dir='ltr'>Athenien·</span> 
     </span>
     <span class='ocr_line' id='line_1_30' title="bbox 312 4324 1527 4405; baseline 0.006 -24"><span class='ocrx_word' id='word_1_244' title='bbox 312 4324 392 4386; x_wconf 90' lang='lat' dir='ltr'>sium</span> <span class='ocrx_word' id='word_1_245' title='bbox 412 4333 468 4389; x_wconf 90' lang='lat' dir='ltr'>aut</span> <span class='ocrx_word' id='word_1_246' title='bbox 491 4343 576 4404; x_wconf 89' lang='lat' dir='ltr'>esse,</span> <span class='ocrx_word' id='word_1_247' title='bbox 601 4331 659 4389; x_wconf 90' lang='lat' dir='ltr'>ant</span> <span class='ocrx_word' id='word_1_248' title='bbox 680 4325 753 4389; x_wconf 86' lang='lat' dir='ltr'>fleri</span> <span class='ocrx_word' id='word_1_249' title='bbox 775 4331 973 4402; x_wconf 86' lang='lat' dir='ltr'>quantocius</span> <span class='ocrx_word' id='word_1_250' title='bbox 992 4331 1152 4404; x_wconf 90' lang='lat' dir='ltr'>oportere.</span> <span class='ocrx_word' id='word_1_251' title='bbox 1173 4329 1226 4390; x_wconf 86' lang='lat' dir='ltr'>Sic</span> <span class='ocrx_word' id='word_1_252' title='bbox 1245 4345 1286 4390; x_wconf 86' lang='lat' dir='ltr'>ex</span> <span class='ocrx_word' id='word_1_253' title='bbox 1305 4328 1527 4405; x_wconf 84' lang='lat' dir='ltr'>sophistarum</span> 
     </span>
     <span class='ocr_line' id='line_1_31' title="bbox 313 4438 1527 4518; baseline 0.006 -23"><span class='ocrx_word' id='word_1_254' title='bbox 313 4438 469 4503; x_wconf 86' lang='lat' dir='ltr'>auditoriis</span> <span class='ocrx_word' id='word_1_255' title='bbox 497 4443 531 4502; x_wconf 93' lang='lat' dir='ltr'>in</span> <span class='ocrx_word' id='word_1_256' title='bbox 561 4442 669 4517; x_wconf 89' lang='lat' dir='ltr'>ipsam</span> <span class='ocrx_word' id='word_1_257' title='bbox 700 4443 805 4503; x_wconf 84' lang='lat' dir='ltr'>vitam</span> <span class='ocrx_word' id='word_1_258' title='bbox 837 4445 1083 4504; x_wconf 86' lang='lat' dir='ltr'>transsumtum</span> <span class='ocrx_word' id='word_1_259' title='bbox 1113 4447 1166 4505; x_wconf 89' lang='lat' dir='ltr'>est</span> <span class='ocrx_word' id='word_1_260' title='bbox 1188 4443 1427 4518; x_wconf 74' lang='lat' dir='ltr'>Thrasymachi</span> <span class='ocrx_word' id='word_1_261' title='bbox 1450 4442 1527 4502; x_wconf 93' lang='lat' dir='ltr'>illud</span> 
     </span>
     <span class='ocr_line' id='line_1_32' title="bbox 314 4548 1527 4632; baseline -0.006 -11"><span class='ocrx_word' id='word_1_262' title='bbox 314 4548 473 4620; x_wconf 75' lang='lat' dir='ltr'>placitum:</span> <span class='ocrx_word' id='word_1_263' title='bbox 507 4555 579 4630; x_wconf 90' lang='lat' dir='ltr'>,ius</span> <span class='ocrx_word' id='word_1_264' title='bbox 608 4568 682 4616; x_wconf 89' lang='lat' dir='ltr'>esse</span> <span class='ocrx_word' id='word_1_265' title='bbox 705 4555 737 4615; x_wconf 93' lang='lat' dir='ltr'>id</span> <span class='ocrx_word' id='word_1_266' title='bbox 761 4555 846 4628; x_wconf 84' lang='lat' dir='ltr'>quod</span> <span class='ocrx_word' id='word_1_267' title='bbox 867 4555 1059 4616; x_wconf 80' lang='lat' dir='ltr'>fortioribus</span> <span class='ocrx_word' id='word_1_268' title='bbox 1083 4556 1269 4632; x_wconf 85' lang='lat' dir='ltr'>expediet.”</span> <span class='ocrx_word' id='word_1_269' title='bbox 1294 4555 1396 4631; x_wconf 80' lang='lat' dir='ltr'>Quem</span> <span class='ocrx_word' id='word_1_270' title='bbox 1422 4556 1527 4616; x_wconf 90' lang='lat' dir='ltr'>virum</span> 
     </span>
     <span class='ocr_line' id='line_1_33' title="bbox 312 4661 1530 4746; baseline 0.002 -21"><span class='ocrx_word' id='word_1_271' title='bbox 312 4661 344 4720; x_wconf 84' lang='lat' dir='ltr'>in</span> <span class='ocrx_word' id='word_1_272' title='bbox 366 4665 607 4730; x_wconf 84' lang='lat' dir='ltr'>Daetslensibus</span> <span class='ocrx_word' id='word_1_273' title='bbox 625 4668 870 4743; x_wconf 83' lang='lat' dir='ltr'>perstrinxerat</span> <span class='ocrx_word' id='word_1_274' title='bbox 888 4668 967 4729; x_wconf 92' lang='lat' dir='ltr'>olim</span> <span class='ocrx_word' id='word_1_275' title='bbox 991 4670 1244 4746; x_wconf 85' lang='lat' dir='ltr'>Aristophanes,</span> <span class='ocrx_word' id='word_1_276' title='bbox 1267 4671 1381 4746; x_wconf 89' lang='lat' dir='ltr'>utpote</span> <span class='ocrx_word' id='word_1_277' title='bbox 1401 4669 1530 4729; x_wconf 89' lang='lat' dir='ltr'>iuvenis</span> 
     </span>
     <span class='ocr_line' id='line_1_34' title="bbox 314 4773 1531 4857; baseline 0.004 -21"><span class='ocrx_word' id='word_1_278' title='bbox 314 4773 549 4843; x_wconf 84' lang='lat' dir='ltr'>dissolutissimi</span> <span class='ocrx_word' id='word_1_279' title='bbox 577 4784 838 4857; x_wconf 88' lang='lat' dir='ltr'>praeceptorem:</span> <span class='ocrx_word' id='word_1_280' title='bbox 873 4797 962 4842; x_wconf 91' lang='lat' dir='ltr'>nunc</span> <span class='ocrx_word' id='word_1_281' title='bbox 996 4782 1177 4844; x_wconf 91' lang='lat' dir='ltr'>dissolutus</span> <span class='ocrx_word' id='word_1_282' title='bbox 1209 4783 1369 4844; x_wconf 90' lang='lat' dir='ltr'>eiusmodi</span> <span class='ocrx_word' id='word_1_283' title='bbox 1400 4781 1531 4842; x_wconf 85' lang='lat' dir='ltr'>iuvenis</span> 
     </span>
     <span class='ocr_line' id='line_1_35' title="bbox 316 4895 1350 4970; baseline 0.008 -20"><span class='ocrx_word' id='word_1_284' title='bbox 316 4901 472 4956; x_wconf 71' lang='lat' dir='ltr'>summum</span> <span class='ocrx_word' id='word_1_285' title='bbox 494 4896 528 4956; x_wconf 93' lang='lat' dir='ltr'>in</span> <span class='ocrx_word' id='word_1_286' title='bbox 547 4895 802 4957; x_wconf 88' lang='lat' dir='ltr'>Atheniensium</span> <span class='ocrx_word' id='word_1_287' title='bbox 826 4911 861 4957; x_wconf 90' lang='lat' dir='ltr'>re</span> <span class='ocrx_word' id='word_1_288' title='bbox 884 4896 1015 4970; x_wconf 89' lang='lat' dir='ltr'>publica</span> <span class='ocrx_word' id='word_1_289' title='bbox 1037 4896 1207 4957; x_wconf 89' lang='lat' dir='ltr'>obtinebat</span> <span class='ocrx_word' id='word_1_290' title='bbox 1230 4897 1350 4959; x_wconf 91' lang='lat' dir='ltr'>locum.</span> 
     </span>
    </p>
   </div>
   <div class='ocr_carea' id='block_1_3' title="bbox 360 5001 1531 5083">
    <p class='ocr_par' dir='ltr' id='par_1_5' title="bbox 360 5001 1531 5083">
     <span class='ocr_line' id='line_1_36' title="bbox 360 5001 1531 5083; baseline 0.005 -21"><span class='ocrx_word' id='word_1_291' title='bbox 360 5001 435 5066; x_wconf 90' lang='lat' dir='ltr'>llelil</span> <span class='ocrx_word' id='word_1_292' title='bbox 455 5023 529 5070; x_wconf 89' lang='lat' dir='ltr'>cum</span> <span class='ocrx_word' id='word_1_293' title='bbox 552 5008 747 5070; x_wconf 90' lang='lat' dir='ltr'>societatem</span> <span class='ocrx_word' id='word_1_294' title='bbox 770 5009 1024 5070; x_wconf 88' lang='lat' dir='ltr'>Atheniensium</span> <span class='ocrx_word' id='word_1_295' title='bbox 1049 5008 1190 5070; x_wconf 91' lang='lat' dir='ltr'>Doribus</span> <span class='ocrx_word' id='word_1_296' title='bbox 1213 5009 1411 5071; x_wconf 78' lang='lat' dir='ltr'>infestorum</span> <span class='ocrx_word' id='word_1_297' title='bbox 1435 5023 1531 5083; x_wconf 80' lang='lat' dir='ltr'>gene·</span> 
     </span>
    </p>
   </div>
   <div class='ocr_carea' id='block_1_4' title="bbox 0 0 2195 6276">
    <p class='ocr_par' dir='ltr' id='par_1_6' title="bbox 0 0 2195 6276">
     <span class='ocr_line' id='line_1_37' title="bbox 0 0 2195 6276; baseline 0 0"><span class='ocrx_word' id='word_1_298' title='bbox 0 0 2195 6276; x_wconf 95' lang='lat' dir='ltr'> </span> 
     </span>
    </p>
   </div>
  </div>
 </body>
</html>
