4375 6284
654 965 717 1025 124
1164 981 1206 1028 nr
1228 983 1354 1030 meran

651 1154 791 1228 denique
824 1154 954 1215 consilii
984 1155 1081 1230 inops
1111 1155 1232 1216 ianitor
1265 1155 1358 1230 ,Huc
1388 1156 1512 1230 igitur’
1541 1157 1588 1218 ait
1615 1155 1810 1232 ,sequimini
1828 1154 1859 1214 ad

654 1267 863 1342 ,dominum:
895 1267 925 1327 is
955 1269 1030 1328 uter
1056 1281 1157 1329 verus
1187 1268 1360 1346 deussit,
1393 1273 1467 1331 uter
1498 1267 1613 1346 dctus,
1646 1269 1765 1338 dicito;
1794 1281 1860 1327 nam
1950 1267 1951 1302 l

654 1381 762 1456 ,inter
783 1395 820 1441 se
841 1382 965 1442 norunt
986 1379 1161 1442 numina.”

698 1526 739 1537 -
766 1493 899 1569 ,Laudo
921 1493 1138 1554 consiliuml”
1162 1494 1212 1555 sic
1234 1494 1414 1573 Xanthias,
1445 1495 1553 1558 latera
1574 1493 1738 1557 vibicibus
1759 1495 1864 1555 striata

651 1607 786 1668 interim
808 1606 976 1668 mulcens:
1003 1607 1080 1683 ,sed
1104 1607 1226 1669 vellem
1250 1609 1343 1684 prius
1365 1610 1400 1670 in
1423 1609 1456 1670 id
1479 1609 1701 1672 incidissesl”

696 1811 845 1872 Tandem
874 1810 975 1885 igitur
998 1811 1167 1886 Dionysus
1189 1813 1340 1888 pervenit
1369 1828 1434 1888 quo
1459 1812 1606 1888 volebat,
1632 1815 1732 1886 utque
1755 1809 1865 1885 Euripi·

652 1925 729 1986 dem
759 1924 1015 1986 dilectissimum
1044 1927 1181 2000 poetam
1207 1927 1242 1987 in
1265 1927 1374 1988 lucem
1398 1926 1498 1988 liceat
1521 1927 1677 1988 reducere
1700 1941 1721 1986 a
1742 1924 1867 1984 Plutone

653 2038 740 2099 baud
775 2036 952 2100 difficulter
984 2039 1143 2114 impetrat
1172 2055 1213 2101 ea
1242 2039 1433 2102 condicione
1462 2043 1499 2100 ut
1530 2043 1629 2102 antea
1659 2037 1820 2113 Aeschylo
1840 2039 1867 2098 ct
1951 2033 1952 2058 ¹

654 2153 813 2229 Euripidi,
833 2153 991 2213 thronum
1009 2154 1180 2228 poetarum
1199 2154 1402 2230 tragicorum
1422 2153 1714 2230 praestantissimo
1733 2151 1867 2214 debitum

654 2265 718 2327 sibi
751 2265 993 2327 vindicantibus
1022 2265 1202 2344 ambobus,
1233 2267 1359 2329 arbiter
1380 2268 1496 2329 sedeat
1518 2267 1601 2328 artis
1622 2266 1773 2326 scenicae
1794 2277 1870 2326 unus

655 2381 805 2442 omnium
835 2380 1074 2457 peritissimus,
1105 2382 1262 2455 quoniam
1293 2381 1407 2443 nullus
1434 2384 1487 2442 est
1509 2381 1565 2455 qui
1586 2381 1681 2457 plura
1704 2393 1801 2454 quam
1822 2376 1870 2436 ille

654 2494 857 2569 spectaverit
886 2493 1047 2555 dramata.
1077 2494 1172 2556 Nunc
1201 2495 1387 2557 dirimenda
1413 2496 1465 2557 est
1486 2495 1544 2572 lis,
1569 2509 1651 2570 quae
1674 2493 1709 2554 in
1731 2490 1870 2553 Plutonis

655 2621 757 2681 regno
791 2607 958 2682 extemplo
993 2608 1120 2669 exarsit
1154 2607 1308 2684 Euripide
1342 2611 1490 2685 mortuo,
1525 2623 1567 2669 ne
1600 2607 1740 2683 posthac
1775 2605 1870 2666 denuo
1952 2639 1953 2686 ,

656 2720 871 2782 exardescere
901 2719 1018 2795 possit.
1049 2719 1121 2781 Non
1153 2722 1241 2782 enim
1272 2721 1306 2781 in
1330 2724 1526 2798 perpetuum
1550 2722 1583 2781 in
1606 2720 1705 2782 terris
1728 2721 1793 2780 ianr
1814 2715 1869 2776 vic·

654 2837 751 2895 turus
772 2837 825 2895 est
846 2833 1032 2910 Euripides,
1055 2834 1113 2894 sed
1135 2835 1245 2896 serius
1267 2834 1359 2896 ocius
1381 2834 1422 2895 ad
1445 2834 1568 2896 inferos
1590 2835 1764 2895 rediturua

700 2947 764 3008 Hic
798 2947 979 3008 lectoribus
1013 2947 1162 3008 animum
1193 2947 1444 3010 advertentibus
1478 2949 1615 3025 apparet
1648 2946 1870 3018 commissura,

656 3077 723 3136 qua
750 3060 881 3122 fabulae
911 3061 1007 3136 stirpi
1038 3062 1165 3122 inserta
1196 3063 1247 3122 est
1276 3061 1353 3122 novi
1375 3061 1505 3123 inventi
1528 3075 1671 3135 gemma.
1697 3060 1784 3135 Quae
1804 3059 1871 3118 licet

656 3174 824 3236 artissime
847 3189 923 3236 cum
945 3174 1006 3236 illa
1028 3177 1231 3237 concreverit
1251 3177 1285 3237 et
1300 3176 1386 3237 laete
1406 3175 1584 3237 effloruerit
1603 3173 1758 3236 uberibus
1774 3172 1871 3234 succis
1953 3213 1954 3232 ,

657 3289 796 3366 nutrita,
827 3289 1002 3350 iuncturae
1030 3290 1145 3351 tamen
1172 3290 1264 3351 locus
1288 3291 1379 3352 cerni
1402 3289 1505 3350 etiam
1528 3291 1648 3366 potest.
1673 3289 1735 3350 Sed
1759 3288 1870 3363 specla-
1953 3283 1954 3296 ¹

655 3406 746 3464 tores
774 3403 847 3463 tum
877 3417 954 3464 cum
983 3403 1128 3479 primum
1158 3406 1235 3465 acta
1263 3405 1317 3465 est
1347 3402 1459 3464 fabula
1486 3405 1544 3464 aut
1567 3417 1684 3464 omnes
1707 3403 1765 3462 aut
1786 3401 1870 3472 longe

656 3516 830 3592 plerosque
852 3530 928 3577 eam
950 3516 1076 3592 fugisse
1100 3517 1171 3579 veri
1195 3519 1246 3579 est
1269 3517 1390 3579 simile.

702 3720 750 3780 lln
780 3720 881 3794 igitur
910 3719 996 3782 alter
1025 3721 1123 3782 alteri
1153 3722 1296 3796 oppositi
1327 3723 1420 3783 stant
1446 3723 1563 3796 poetae
1586 3719 1718 3795 tragici,
1746 3717 1871 3778 -hinc

657 3835 688 3895 is
720 3833 777 3908 qui
809 3847 868 3908 pro
901 3833 1028 3908 patriae
1062 3833 1173 3894 salute
1207 3833 1339 3895 fortiter
1372 3833 1452 3894 olim
1490 3833 1663 3894 dimicavit
1696 3836 1731 3894 et
1764 3830 1870 3892 civium

658 3947 781 4008 animis
809 3946 919 4008 celsae
948 3947 1031 4008 artie
1058 3962 1159 4023 opera
1185 3948 1428 4009 admiratorum
1457 3948 1631 4008 strenuam
1657 3947 1710 4006 sui
1732 3945 1871 4006 fiduciam

658 4061 874 4135 ardoremque
907 4061 1066 4121 martium
1102 4060 1246 4138 inflavit,
1279 4060 1371 4122 illinc
1406 4061 1483 4122 novi
1513 4060 1639 4121 saeculi
1668 4075 1798 4136 praeco,
1826 4055 1871 4130 qui

659 4175 787 4236 civitati
816 4175 850 4235 in
881 4175 998 4237 ultimo
1028 4175 1149 4237 salutis
1179 4175 1370 4237 discrimine
1401 4176 1547 4237 versanti
1575 4189 1640 4235 non
1664 4173 1779 4235 habuit
1799 4167 1871 4246 quod

659 4289 830 4364 praeberet
859 4289 925 4350 nisi
955 4289 1200 4350 dubitationum
1231 4289 1454 4364 multiplicum
1481 4287 1738 4364 impedimenta:
1762 4287 1812 4347 vir
1830 4281 1873 4343 cui

659 4403 762 4463 etiam
786 4405 898 4464 aetate
920 4403 1127 4478 provectiore
1151 4403 1334 4478 permansit
1357 4401 1453 4463 robor
1476 4401 1636 4476 iuvenile,
1660 4403 1695 4461 et
1714 4401 1770 4476 qui
1786 4409 1874 4462 senex

660 4517 758 4579 natus
781 4520 833 4578 est
856 4517 931 4579 aevi
955 4516 1148 4577 recentioris
1170 4514 1269 4576 iilius.
1298 4516 1344 4592 ,0
1367 4516 1486 4593 mox,”
1510 4515 1560 4575 sic
1582 4513 1718 4590 chorus,

862 4681 908 4756 ,0
932 4694 1011 4741 mox
1035 4679 1085 4741 ira
1108 4678 1258 4740 tonantis
1281 4678 1358 4755 erit,
1382 4678 1496 4753 gravis
1518 4679 1585 4754 ira,
1611 4680 1728 4754 poetae

863 4793 1126 4870 ,conspicientis
1149 4794 1187 4854 ut
1210 4792 1266 4853 ille
1290 4793 1390 4854 acuat
1412 4793 1548 4854 dentem
1572 4791 1636 4853 sibi
1659 4793 1778 4854 sollers

908 4908 1108 4986 ,Aemulus3
1133 4906 1300 4969 horribilis
1324 4907 1415 4968 luror
1437 4922 1478 4968 ex
1502 4907 1685 4984 oculisque,

1018 5021 1127 5097 ,Quos
1152 5023 1253 5098 rotat,
1279 5018 1428 5097 micabit,
1454 5019 1507 5082 bic
