4375 6284
638 951 681 1012 42
1156 968 1197 1012 ns
1220 967 1346 1013 romu

639 1137 678 1198 de
701 1138 773 1213 ipso
793 1139 882 1199 iuter
904 1139 995 1200 cives
1018 1138 1188 1200 dicebatur
1210 1139 1243 1198 ln
1263 1138 1360 1198 laude
1379 1137 1443 1198 sibi
1462 1138 1585 1214 posuit,
1608 1138 1717 1199 verbis
1734 1139 1859 1200 festivis

638 1264 721 1310 usus
748 1253 782 1310 st
811 1253 883 1310 tam
913 1251 1090 1312 immodice
1117 1251 1280 1326 gloriatus
1303 1255 1340 1310 ut
1362 1251 1450 1311 serio
1474 1250 1563 1312 dicta
1584 1251 1652 1312 ista
1673 1266 1787 1327 nemo,
1813 1254 1859 1326 qui

638 1363 771 1435 quidem
794 1379 896 1425 sanae
918 1367 1008 1428 esset
1032 1365 1167 1440 mentis,
1192 1364 1226 1424 iu
1250 1364 1400 1424 animum
1423 1363 1486 1424 sibi
1508 1365 1622 1440 posset
1645 1364 1813 1426 inducere.

683 1477 871 1552 Peregrinis
912 1481 1024 1540 autem
1065 1477 1228 1538 licebatne
1268 1475 1401 1537 tabulas
1440 1477 1556 1538 docere
1597 1477 1739 1538 Athenis
1779 1478 1860 1539 ludis

638 1589 803 1665 publicis?

684 1703 755 1764 Nou
787 1703 922 1764 licuisse
956 1718 1022 1764 non
1056 1706 1197 1765 constat
1232 1703 1270 1763 In
1304 1701 1413 1765 etoroe
1446 1703 1579 1776 quidem
1612 1704 1745 1765 nonnisi
1776 1705 1863 1765 cius

639 1817 775 1877 admitti
806 1816 862 1877 lex
893 1816 993 1878 claris
1023 1817 1137 1878 verbis
1169 1815 1303 1877 iubebat
1318 1810 1357 1894 ¹),
1389 1831 1495 1890 neque
1526 1831 1627 1877 causa
1659 1817 1755 1894 latet,
1787 1833 1860 1878 nam

639 1929 749 1990 cultus
771 1929 909 1990 deorum
933 1944 1011 2004 pars
1033 1932 1130 1990 erant
1153 1929 1338 1990 certamina
1359 1929 1490 1991 musica
1513 1932 1546 1989 et
1569 1930 1715 2006 scenica,
1737 1945 1758 1990 a
1780 1945 1861 2006 pere

639 2043 743 2118 grinis
773 2046 886 2103 autem
917 2056 1014 2104 sacra
1044 2041 1176 2118 publiea
1205 2043 1269 2104 rite
1299 2043 1412 2119 peragi
1442 2043 1498 2116 qui
1527 2043 1732 2118 potuissent!
1764 2044 1863 2119 igitur
1954 2031 1955 2058 ¹

641 2157 744 2217 etiam
773 2155 936 2217 histriones
959 2156 1050 2217 cives
1074 2156 1179 2216 tuisse
1201 2155 1267 2217 tert
1289 2157 1386 2218 ratio.
1410 2156 1473 2217 Sed
1496 2156 1631 2233 moui,
1656 2157 1713 2230 qui
1735 2161 1863 2217 sumtus
1954 2151 1955 2175 ¹

547 2337 550 2344 ,
640 2269 818 2344 lamabant,
851 2270 955 2330 etiam
986 2288 1004 2331 e
1035 2269 1196 2331 metoecis
1225 2268 1400 2331 ditioribus
1430 2271 1613 2332 recentiore
1642 2274 1732 2331 certe
1761 2272 1863 2331 aetate

640 2381 773 2443 debant.
797 2382 913 2456 Itaque
935 2381 1065 2444 tabulas
1088 2397 1233 2459 quoque,
1257 2398 1341 2457 quae
1364 2383 1500 2459 apcetia
1521 2384 1704 2459 peregrinis
1725 2384 1865 2459 scriptae
1955 2397 1956 2424 ¹

640 2501 768 2572 essent,
804 2496 838 2556 in
872 2497 1059 2557 certamina
1092 2497 1224 2558 scenica
1254 2498 1388 2558 admitti
1423 2497 1572 2573 potuisse
1602 2512 1668 2558 non
1699 2501 1753 2558 est
1783 2495 1863 2571 quod

640 2609 824 2686 praefracte
858 2613 1006 2684 negetur.
1039 2609 1243 2685 Tragoedias
1272 2614 1361 2671 certe
1391 2610 1570 2672 nonnullae
1598 2614 1775 2686 poetarum
1803 2625 1863 2671 non

641 2723 896 2784 Atheniensium
926 2724 1068 2785 Athenis
1097 2726 1177 2784 sunt
1202 2727 1297 2785 actes
1320 2724 1409 2785 ludis
1430 2724 1586 2802 publicis,
1609 2727 1643 2785 et
1665 2725 1864 2786 comicorum

641 2837 862 2899 recentiorum
895 2837 1082 2913 complures
1112 2852 1247 2913 peregre
1274 2838 1425 2899 Athenas
1446 2842 1626 2899 venerunt:
1646 2839 1864 2914 Antiphanes,

641 2950 829 3028 Philemon,
859 2950 1020 3026 Diphilus.
1052 2951 1175 3025 Ecquid
1202 2951 1255 3012 ius
1277 2953 1426 3013 civitatis
1448 2952 1502 3012 his
1526 2958 1578 3014 est
1601 2954 1715 3014 datum
1730 2947 1767 3035 ²),
1788 2954 1864 3014 item
1956 3012 1957 3017 ,

641 3065 795 3125 Pratiuae
824 3063 971 3125 Phliasio
1001 3066 1035 3124 et
1065 3062 1203 3126 Oarciuo
1235 3066 1452 3140 Agrigentino
1482 3068 1591 3141 poetis
1620 3067 1771 3144 tragicis,
1799 3065 1866 3128 Iuni

641 3181 754 3240 autam
784 3177 865 3240 Chio
895 3179 947 3240 rel
978 3177 1138 3254 Dionysio
1169 3183 1311 3253 tyranno
1342 3179 1552 3254 syracusano
1579 3194 1638 3254 per
1659 3179 1866 3256 privilegium

642 3305 837 3352 concessum
858 3294 912 3352 est
932 3294 969 3352 ut
987 3290 1119 3352 tabulas
1140 3307 1220 3353 suas
1235 3306 1357 3353 scenae
1379 3292 1578 3353 Atheniensi
1600 3291 1868 3354 committerent?

642 3404 705 3465 Sed
736 3405 785 3465 ita
814 3405 844 3465 si
873 3406 1069 3482 statuimus,
1094 3405 1171 3479 quid
1195 3406 1235 3466 de
1257 3405 1536 3482 diturumborum
1558 3406 1667 3481 poetis
1689 3405 1869 3482 peregrinis

643 3518 781 3579 minime
804 3519 901 3596 raris,
926 3520 981 3593 uui
1004 3519 1146 3580 Athenis
1168 3520 1364 3580 certarunt?

686 3631 819 3693 Dixeris
849 3633 950 3708 igitur
980 3633 1121 3694 liberum
1153 3635 1255 3694 etiam
1286 3633 1393 3709 poetis
1419 3633 1603 3708 peregrinis
1624 3633 1666 3694 ad
1689 3633 1871 3696 certamina

642 3745 774 3822 publica
803 3747 907 3808 tuisse
930 3747 1073 3824 aditum,
1106 3763 1147 3808 ea
1168 3753 1282 3810 tamen
1307 3747 1379 3822 lege
1400 3751 1439 3808 ut
1461 3748 1616 3810 docerent
1637 3747 1771 3821 quidem
1794 3759 1873 3806 suas

643 3859 773 3920 tabulas
806 3860 859 3921 vel
889 3861 1052 3938 carmina,
1086 3861 1145 3922 sed
1176 3877 1243 3923 non
1273 3861 1336 3937 ipsi
1366 3861 1400 3922 in
1430 3876 1468 3922 se
1491 3861 1677 3936 reciperent
1700 3859 1873 3921 histrionis

644 4131 670 4179 in
694 4133 896 4193 Aristophanem
919 4145 977 4180 esse
1000 4133 1113 4193 scriptos
1135 4133 1287 4193 suspicatus
1310 4135 1352 4179 est
1373 4129 1505 4187 lisinam
1528 4143 1607 4190 quam
1625 4129 1777 4190 opinionem
1791 4127 1875 4174 addu-

643 4213 736 4259 bitavit
752 4210 886 4270 Zielinski,
903 4213 1066 4260 confidenter
1082 4215 1175 4260 reiecit
1188 4212 1289 4266 iiaibel,
1303 4213 1457 4272 peregrinos
1470 4215 1562 4271 poetas
1574 4223 1626 4257 non
1639 4207 1741 4257 micea
1757 4209 1877 4268 cogitans

643 4289 728 4352 ipsius
754 4291 888 4350 Eupolidis
913 4291 1041 4352 aemulos,
1066 4292 1114 4337 sed
1139 4290 1233 4352 priseos
1264 4290 1352 4352 lyricos
1382 4290 1548 4338 Semonidem
1575 4292 1604 4336 et
1628 4289 1781 4336 Pindarum.
1805 4283 1877 4334 Huic

645 4383 768 4418 assensus
790 4379 831 4417 ess
854 4372 948 4417 ltdmsr
971 4370 1091 4430 (Studiis
1115 4371 1128 4416 1
1151 4384 1177 4431 p.
1201 4367 1269 4430 183),
1292 4371 1326 4416 At
1349 4383 1428 4428 quam
1451 4382 1528 4416 casos
1545 4373 1621 4416 erant
1636 4365 1692 4422 illa,
1709 4365 1771 4426 quis
1785 4371 1876 4412 autam

644 4457 702 4500 erat
722 4456 801 4511 pcata
824 4451 869 4498 ille
891 4453 1003 4507 Atticus,
1025 4453 1071 4509 qui
1088 4449 1211 4497 Pindaris
1228 4451 1422 4510 opponeretur?
1440 4447 1709 4497 Mitissimum·
1725 4449 1879 4494 coniectura

645 4545 696 4578 non
714 4535 785 4577 certa
803 4527 910 4590 quidem
927 4527 1041 4586 ridetur,
1059 4553 1089 4564 -
1109 4525 1261 4587 ignoramus
1278 4525 1347 4575 enim
1365 4531 1527 4584 connatam,
1544 4553 1572 4562 ·—
1592 4526 1639 4574 sed
1658 4539 1720 4573 rsro
1734 4524 1878 4572 admodum

646 4607 751 4657 similis.

681 4685 700 4750 ¹)
716 4690 806 4748 prqu'rc
824 4693 931 4752 locatim
946 4686 1011 4742 ξένον
1029 4688 1109 4740 (Plut.
1126 4687 1251 4733 Phocion.
1269 4686 1353 4742 ἵδῦος
1372 4686 1405 4733 di.
1420 4685 1556 4732 Demosih.
1571 4683 1630 4731 XXI
1644 4685 1659 4744 5
1674 4685 1706 4731 50
1723 4681 1880 4744 [Antiochi]

646 4768 681 4814 1v
696 4770 710 4824 ᾖ
726 4769 777 4824 adp.
790 4767 957 4827 Quapropter
971 4767 1041 4812 eires
1055 4767 1110 4819 τοὺς
1123 4768 1146 4810 i·
1160 4773 1242 4828 χοροῖς
1254 4765 1385 4826 τραφόηος
1398 4763 1586 4824 Aristophanes
1599 4760 1711 4824 opponit
1722 4758 1880 4809 hominibus

646 4847 792 4907 peregrinis
810 4847 874 4893 Bau.
892 4845 948 4893 iis.

680 4922 702 4984 ¹)
720 4926 759 4972 De
781 4923 931 4985 Antiphane
953 4927 1025 4971 ceris
1047 4923 1173 4970 traditum
1197 4921 1222 4968 id
1247 4923 1399 4982 accepimus
1418 4923 1462 4980 (ei.
1483 4919 1553 4968 inira
1576 4923 1602 4967 in
1625 4920 1745 4981 Append.
1760 4917 1796 4974 n.
1816 4921 1881 4980 tingi

651 5005 781 5066 [appuliae
798 5005 811 5062 5
831 5005 862 5051 li
880 5004 940 5062 ιφ).
