4375 6284
689 954 755 1014 342
1130 971 1173 1014 nn
1195 969 1303 1014 nuru
1325 968 1478 1015 nainmo.

732 1139 946 1215 Indignamur
976 1142 1203 1202 temeritatem
1236 1141 1411 1202 hominnm
1435 1141 1683 1217 imperitorum,
1707 1141 1820 1202 cornici
1841 1157 1899 1202 rer·

687 1256 780 1316 sibus
803 1256 940 1317 verbula
962 1257 1180 1332 interpretum
1205 1258 1502 1318 interserentium?
1531 1257 1753 1333 Inspiciamus
1773 1255 1900 1316 Nonium

688 1369 868 1431 editionem
904 1385 1005 1445 quam
1039 1372 1171 1432 curavit
1203 1370 1241 1432 G.
1277 1370 1463 1446 Hermann,
1498 1385 1562 1444 quo
1595 1370 1706 1432 lenius
1735 1371 1776 1430 de
1804 1369 1900 1429 huius·

689 1483 816 1544 aemodi
846 1484 1013 1545 erroribus
1043 1485 1228 1546 iudicemus
1262 1487 1296 1545 et
1330 1484 1443 1545 minus
1476 1484 1580 1545 etiam
1614 1482 1806 1545 dubitemus
1835 1483 1900 1557 quin

688 1611 791 1671 prona
822 1599 856 1657 in
886 1612 943 1659 eos
974 1599 1021 1659 sit
1050 1613 1147 1659 mens
1176 1599 1333 1659 humana.
1357 1598 1556 1674 Strepsiadis
1579 1598 1620 1659 ad
1643 1598 1814 1660 Socratem
1835 1601 1903 1656 sunt

690 1709 791 1772 verba
808 1711 892 1773 Ναὶ).
920 1714 1023 1774 1146:

1068 1823 1143 1886 diii
1165 1822 1287 1886 τουτονὶ
1309 1834 1429 1904 πρῶτον
1452 1823 1533 1903 λαβέ.

689 1938 792 2000 Recte
822 1940 857 2000 in
888 1939 916 2000 V
946 1943 981 2003 et
1012 1941 1046 2002 in
1076 1941 1106 2001 R
1134 1941 1339 2018 adscriptum
1363 1943 1432 2002 est:
1459 1940 1618 2016 ,θύλακοι
1641 1939 1722 2024 αὐτῷ
1745 1937 1905 2000 indidem

690 2050 848 2128 dipirnv”
878 2057 913 2116 et
943 2055 1021 2116 aliis
1045 2055 1156 2117 verbis
1182 2055 1215 2115 in
1240 2056 1365 2117 recenti
1387 2055 1499 2117 codice
1521 2055 1671 2116 Parisino
1695 2053 1906 2129 (supplement

694 2168 785 2238 135):
819 2165 892 2244 ,τὸν
922 2169 1073 2246 θύλακον,
1102 2167 1136 2242 ὃς
1167 2166 1228 2229 ἔστι
1258 2167 1367 2245 patron
1397 2166 1562 2245 ἂλφίτοιν.”
1594 2169 1676 2245 Quid
1705 2170 1818 2230 autom
1837 2166 1906 2227 Her·

691 2297 793 2344 mann
812 2284 1013 2344 annotavit?
1035 2283 1176 2360 ‚Mirum
1198 2286 1251 2344 est
1269 2283 1355 2358 quod
1369 2329 1377 2345 .
1391 2329 1398 2344 .
1413 2329 1420 2344 .
1434 2283 1620 2359 adnotatio,
1640 2283 1671 2343 si
1688 2297 1758 2343 una
1774 2279 1907 2342 litterula

694 2396 863 2473 ‚accedat
888 2397 1082 2458 trimetrum
1106 2397 1280 2474 praebeat:

827 2510 914 2588 ,τὸν
944 2510 1124 2572 &eilande
1158 2506 1271 2591 (γ’),
1297 2509 1340 2572 ὅσ
1370 2508 1453 2571 ἐστι
1484 2511 1627 2589 μεστὸς
1658 2510 1843 2587 ἀλφίτων.

693 2625 809 2703 ,Haud
840 2624 993 2688 infleetus
1023 2627 1087 2688 erit
1112 2626 1307 2688 hievernus
1333 2625 1460 2703 sipost
1485 2641 1619 2688 versum
1646 2629 1732 2688 1146
1758 2626 1811 2688 vel
1833 2624 1905 2685 1147

689 2739 892 2801 inseratur.”

734 2853 849 2928 Ipsum
877 2855 1073 2915 contextum
1103 2854 1231 2931 inspice
1254 2857 1289 2915 et
1311 2856 1422 2915 tecum
1445 2854 1612 2931 perpende
1633 2854 1821 2915 Hermanni
1841 2851 1908 2913 itind

692 2966 800 3042 „haud
831 2965 1020 3044 inficetus”,
1051 2984 1112 3029 neo
1143 2968 1279 3028 dubium
1302 2967 1469 3030 videbitur
1498 2969 1577 3043 quin
1599 2968 1632 3028 id
1655 2967 1742 3041 quod
1767 2966 1908 3029 aeciderit

690 3080 898 3157 Hermanno,
942 3097 1041 3158 quem
1078 3083 1215 3144 honoris
1248 3097 1350 3144 eausa
1384 3096 1472 3143 nuno
1506 3082 1655 3158 nomino,
1691 3081 1810 3142 multis
1841 3080 1907 3142 olim

690 3195 837 3257 accidere
859 3197 1005 3272 potuerit
1028 3198 1062 3258 et
1082 3196 1151 3259 iere
1174 3196 1333 3259 debuerit.

735 3309 798 3371 Hie
820 3310 922 3385 igitur
943 3309 1069 3372 saeculi
1091 3310 1238 3386 proximi
1262 3313 1315 3371 est
1337 3325 1444 3385 error;
1464 3325 1554 3371 unus
1573 3311 1676 3371 etiam
1695 3311 1847 3386 addatur,
1865 3306 1906 3381 qni

690 3423 812 3485 decimi
833 3424 953 3498 quinti.
976 3423 1062 3486 Eccl.
1087 3425 1153 3485 310
1176 3427 1254 3500 post
1276 3423 1378 3485 verba
1399 3426 1515 3500 poetae

1459 3536 1518 3598 tin-

1177 3673 1233 3731 περ
1257 3656 1508 3731 πηλοφοροῦντεο

689 3765 722 3825 in
753 3765 863 3826 codice
887 3765 1075 3828 Monacenai
1099 3767 1176 3843 492,
1198 3767 1254 3840 qui
1277 3782 1320 3828 ex
1343 3767 1540 3828 Rauennate
1563 3769 1616 3826 eat
1639 3765 1825 3842 excriptus,
1847 3761 1899 3822 sub

690 3878 797 3939 ieotns
820 3882 873 3940 est
896 3880 949 3941 hio
971 3880 1130 3942 dimeter:

1001 3989 1048 4065 ὡς
1079 3990 1333 4072 χειροτέχναι
1363 3990 1430 4053 καὶ
1461 3998 1669 4069 μισθωτοί.

691 4105 750 4182 Qui
781 4105 810 4166 si
840 4107 942 4166 eiiam
972 4107 1007 4168 in
1038 4107 1066 4167 R
1096 4107 1272 4183 legeretur,
1304 4123 1370 4169 non
1394 4108 1524 4169 minore
1546 4107 1792 4183 permansisset
1813 4107 1845 4166 in
1864 4102 1908 4162 iio-

689 4233 769 4280 nore
794 4253 833 4262 -
859 4221 995 4296 optimis
1019 4222 1106 4282 enim
1130 4221 1280 4283 numeris
1304 4224 1356 4282 est
1379 4224 1559 4297 conceptus
1582 4253 1625 4263 —
1647 4236 1751 4296 quam
1770 4221 1847 4282 snnt
1863 4215 1910 4276 ilie

689 4349 774 4409 quae
793 4349 895 4410 supra
914 4334 1102 4409 tetigimus:
1123 4333 1240 4420 μεγάλῳ
1260 4344 1346 4417 τυρῷ
1371 4332 1448 4406 [καὶ
1470 4341 1669 4413 πρηστῆρι
1693 4329 1907 4410 ξυστρέψας

689 4445 765 4518 οιαὶ]
797 4447 1001 4527 ξυγγογγύλας
1034 4447 1103 4509 vel:
1135 4456 1193 4507 νῦν
1224 4442 1251 4508 δ’
1287 4441 1531 4524 [ἅνδράττοδ’,
1561 4444 1780 4524 ἠλιθίουςτ]
1809 4451 1908 4522 Wfii'

690 4567 724 4622 et
748 4576 829 4622 suos
852 4562 953 4623 etiam
978 4577 1067 4624 nune
1090 4563 1234 4625 tortasse
1257 4564 1421 4624 inveniret
1447 4563 1650 4624 defensores.

732 4789 779 4850 Ut
809 4793 914 4867 reate,
947 4791 996 4852 ita
1025 4791 1217 4868 importune
1249 4790 1351 4852 verba
1382 4791 1499 4852 comici
1526 4791 1821 4866 interpretantium
1842 4789 1909 4848 sunt

689 4903 892 4966 emblemata
922 4920 1008 4980 quae
1038 4921 1142 4981 supra
1171 4904 1359 4966 attulimus.
1394 4904 1476 4965 Male
1509 4909 1622 4966 autem
1656 4909 1790 4980 poetam
1822 4903 1905 4964 inter·

689 5019 835 5096 pretanti
859 5017 971 5080 deberi
994 5019 1127 5080 videtur
1150 5033 1268 5081 versus
1291 5018 1426 5081 'l'heam
1451 5021 1534 5081 809:
