4375 6284
655 952 716 1014 188
1168 967 1210 1012 os
1233 967 1357 1014 noman

693 1163 815 1224 Mansit
843 1163 946 1239 igitur
974 1165 1092 1239 poetae
1123 1164 1249 1225 comico
1280 1164 1320 1226 de
1349 1163 1452 1226 Aeolo
1480 1163 1655 1238 Euripiden
1677 1163 1870 1224 sententiam

650 1277 770 1338 ferenti
803 1292 843 1338 ea
875 1291 988 1353 mens,
1018 1292 1104 1351 quas
1132 1277 1241 1338 iuerat
1271 1280 1350 1339 ante
1380 1277 1638 1353 annosviginti.
1669 1275 1872 1337 Meminimus

650 1392 683 1450 in
706 1389 855 1452 Nubibus
877 1391 965 1466 patri
988 1394 1024 1451 et
1045 1388 1113 1453 illio
1138 1406 1156 1452 e
1179 1390 1375 1454 Meditaoulo
1395 1391 1536 1468 recenti,
1556 1390 1636 1451 dum
1656 1389 1696 1452 de
1715 1389 1810 1452 honis
1826 1389 1870 1449 lit·

650 1506 730 1566 teris
749 1504 859 1567 acrius
877 1505 1063 1582 disputant,
1084 1521 1155 1567 ram
1175 1507 1217 1567 ad
1236 1521 1364 1583 pugnos
1384 1505 1557 1578 devenire3
1581 1505 1651 1580 ipse
1673 1502 1872 1580 Strepslades

649 1619 892 1693 spectatoribus
915 1623 996 1680 tunc
1018 1619 1097 1693 quid
1120 1619 1244 1681 iactum
1268 1622 1358 1682 esset
1380 1619 1429 1681 sic
1451 1617 1643 1680 enarrabat:

695 1732 809 1807 ,Laeti
828 1747 906 1794 cum
924 1731 1199 1795 accumberemus
1218 1748 1355 1795 mensae
1377 1731 1556 1808 secundae,
1580 1730 1678 1807 heus,
1703 1730 1770 1806 alo,
1789 1743 1873 1805 puer,

653 1844 855 1921 ,Simonidis
887 1845 954 1906 lam
982 1845 1116 1921 aliquod
1147 1861 1281 1908 carmen
1312 1846 1395 1907 mihi
1424 1860 1526 1907 canas
1549 1845 1662 1906 velim.
1687 1877 1728 1888 -
1752 1844 1873 1920 Apage,

653 1962 781 2034 ,pateri
814 1959 864 2020 sic
886 1957 960 2020 llle:
992 1959 1080 2021 inter
1105 1958 1222 2035 pocula
1244 1973 1349 2035 egone
1373 1960 1516 2020 canam?
1538 1957 1610 2019 Non
1634 1956 1743 2019 estid
1766 1955 1873 2018 cultio

653 2087 747 2146 ,rum
767 2071 953 2133 hominum.
973 2071 1015 2132 Et
1034 2071 1239 2134 Simonidem
1259 2073 1293 2132 in
1311 2073 1420 2149 poetis
1443 2072 1518 2145 quis
1538 2071 1639 2132 etiam
1651 2071 1825 2132 numerati
1839 2101 1873 2114 -

653 2185 722 2261 ,Ex
744 2184 911 2258 Aeschylo
933 2184 1035 2260 igitur
1058 2185 1163 2246 recita
1187 2183 1320 2260 aliquod
1342 2184 1624 2259 soliloquium-
1645 2183 1694 2244 Ex
1717 2181 1875 2257 Aeschylo

653 2298 813 2375 ,scilicet
838 2297 965 2360 tumido
985 2298 1181 2375 clamatore,
1202 2313 1310 2373 neque
1330 2297 1484 2360 dictionis
1503 2313 1609 2372 neque
1628 2297 1876 2374 compositionis

654 2413 796 2488 ,peritoi
822 2445 863 2456 —
884 2411 1079 2474 Medebatur
1097 2411 1311 2490 stomachus,
1336 2411 1394 2474 sed
1417 2412 1519 2474 etiam
1542 2413 1689 2474 retinens
1708 2426 1781 2472 me:
1805 2411 1876 2486 quin

654 2525 781 2602 ,igitur,
816 2525 885 2601 aio,
920 2541 938 2586 a
972 2530 1071 2602 poeta
1105 2526 1290 2587 recentiore
1320 2527 1494 2601 magisque
1516 2525 1577 2587 tihi
1607 2529 1742 2602 accepto
1772 2525 1877 2603 profer

654 2638 760 2713 ,quod
783 2637 875 2700 libet.
899 2636 1012 2714 coepit
1035 2639 1091 2700 ille
1113 2638 1277 2716 Euripidis
1300 2639 1440 2701 recitare
1462 2653 1582 2700 versus
1603 2639 1820 2715 turpissimos
1841 2640 1876 2700 de

654 2753 776 2827 ,tratre
810 2767 887 2813 cum
922 2766 983 2812 sua
1013 2753 1119 2828 ipsius
1150 2767 1264 2814 sorore
1297 2767 1367 2814 rem
1398 2751 1543 2814 habenti.
1575 2753 1699 2815 Aurem
1724 2751 1875 2828 praehere

654 2864 782 2938 ,noluit
814 2864 924 2926 verbis
955 2866 1200 2943 contendimus,
1226 2865 1300 2927 dein
1324 2865 1493 2942 manibus,
1517 2880 1597 2927 mox
1620 2880 1694 2926 sum
1722 2867 1876 2926 contusus
1966 2851 1967 2866 ¹

655 2983 708 3054 ,et
726 2994 832 3054 paene
854 2979 990 3041 elisus.”

695 3092 744 3152 En
769 3092 894 3154 Aeolus
918 3092 1034 3154 drama
1064 3092 1228 3169 Euripidis
1257 3093 1292 3154 in
1315 3093 1431 3169 paucis
1454 3108 1569 3155 carum
1591 3093 1704 3154 iuveni
1726 3093 1874 3168 scelesto,

650 3208 707 3282 qui
737 3206 823 3282 apud
851 3207 1022 3268 Socratem
1052 3206 1167 3267 didicit
1194 3221 1300 3280 neque
1323 3208 1478 3282 parentes
1500 3221 1574 3268 esse
1597 3191 1753 3270 colendos
1776 3221 1876 3281 neque

652 3321 745 3397 deos,
769 3321 860 3396 leges
882 3323 997 3382 autem
1019 3335 1085 3381 non
1109 3322 1147 3381 ut
1169 3323 1343 3382 serventur
1366 3318 1452 3396 lieri,
1477 3320 1535 3381 sed
1558 3323 1595 3381 ut
1618 3319 1786 3382 violentur
1802 3315 1833 3390 ¹).

698 3549 796 3610 Haud
830 3549 943 3623 exigui
977 3549 1142 3610 momenti
1176 3549 1277 3610 hasce
1312 3549 1525 3624 quaestiones
1559 3548 1777 3624 Aristophani
1812 3562 1879 3610 esse

653 3663 744 3723 visas
774 3678 879 3737 neque
909 3667 962 3724 est
992 3663 1078 3737 quod
1109 3664 1269 3725 miremur
1299 3677 1405 3737 neque
1435 3662 1520 3737 quod
1551 3660 1796 3740 improbemus,
1826 3661 1877 3724 sed

651 3778 866 3851 agnoscimus
890 3778 998 3839 virum
1022 3777 1144 3838 bonurn
1169 3779 1203 3837 et
1225 3776 1422 3852 prudentem
1446 3779 1620 3837 eteorum
1643 3779 1790 3852 postam.

696 3890 770 3952 Alia
804 3892 885 3951 sunt
914 3891 949 3952 in
980 3893 1051 3953 arte
1082 3890 1264 3968 Euripidis,
1296 3906 1379 3966 quae
1410 3891 1521 3951 minus
1551 3905 1613 3950 nos
1636 3891 1781 3965 tangunt
1809 3903 1878 3950 sero

651 4006 751 4065 natos
783 4006 922 4079 nepotes
951 4019 1052 4079 quam
1079 4005 1161 4065 olim
1193 4005 1331 4081 tetigere
1354 4004 1530 4066 comicum.
1553 4003 1591 4064 In
1618 4003 1759 4065 canticis
1781 4004 1878 4065 etiam

651 4116 912 4193 simplicissimis
931 4117 1078 4193 syllabas
1097 4119 1259 4194 quasdam
1278 4118 1366 4179 binis
1384 4117 1476 4179 sonis
1495 4117 1647 4193 proferri,
1661 4117 1777 4178 iterari
1789 4117 1881 4180 verha

652 4233 812 4294 nonnulla
835 4234 887 4294 vel
912 4235 1014 4295 etiam
1037 4234 1287 4295 enuntiatorum
1311 4233 1440 4308 aliquas
1459 4237 1587 4309 partes,
1604 4233 1688 4294 haec
1707 4246 1771 4292 usu
1790 4231 1881 4292 hodie

652 4348 733 4409 adeo
763 4351 845 4408 sunt
874 4351 1024 4423 recepta,
1058 4350 1095 4408 ut
1125 4346 1256 4409 credere
1280 4347 1338 4407 vix
1360 4348 1529 4422 possimus
1551 4347 1656 4408 luisse
1681 4360 1800 4406 aevum
1825 4357 1881 4420 quo

655 4478 743 4524 nova
773 4465 873 4535 atque
904 4461 1055 4522 inaudita
1077 4461 1271 4523 viderentur
1294 4461 1377 4522 talia
1399 4475 1562 4534 veraeque
1586 4461 1651 4521 arti
1673 4473 1791 4535 parum
1816 4472 1882 4522 oon·

651 4580 822 4638 santanea.
857 4575 974 4649 Itaque
1003 4576 1108 4638 miros
1139 4574 1320 4652 paullisper
1345 4590 1407 4636 nos
1434 4576 1535 4636 hahet
1557 4573 1639 4636 illud
1666 4574 1741 4650 ,vol
1754 4571 1881 4636 olel-ol-

654 4691 791 4752 ‘’luens’‘
828 4689 880 4751 vel
918 4689 1062 4766 ,misera
1096 4691 1242 4751 misera”
1278 4688 1407 4764 aliaque
1446 4689 1610 4751 eiusmodi
1649 4687 1690 4748 ad
1724 4686 1883 4766 Euripidis

688 4943 708 5008 ¹)
727 4948 814 4995 Etiam
838 4951 932 5010 postes
955 4947 1145 5009 ddstophsnes
1167 4949 1303 5011 Euripidis
1325 4949 1374 4998 hon
1397 4948 1489 4996 mama
1508 4947 1567 4996 risit
1583 4950 1610 4996 in
1633 4949 1883 5008 nsaiwandeins

660 5028 823 5088 Antiphanes
840 5029 867 5075 in
885 5027 966 5076 Aeolo
983 5039 1041 5075 suo.
