4375 6284
746 955 789 999 nr
811 953 919 1001 nunu
941 953 1093 1000 unumne.
1467 939 1533 999 345

228 1155 230 1178 r
326 1131 371 1190 sed
400 1133 472 1191 tarn
505 1129 592 1190 mele
623 1129 819 1189 distinctum
849 1131 887 1189 ut
918 1128 976 1189 vix
1011 1132 1233 1204 agnoscetun
1264 1143 1342 1189 nam
1374 1161 1417 1170 —
1446 1127 1534 1201 quud

229 1269 230 1286 ο
327 1244 391 1304 vidit
414 1243 555 1317 Bentley
579 1275 619 1286 -
643 1241 855 1303 scribendum
879 1245 946 1302 est:

530 1348 608 1438 κᾷτ’
634 1352 778 1432 ἔχουσα
801 1352 854 1415 τὸν
876 1353 1028 1428 κροκωτὸν
1051 1351 1160 1428 ἄρκτος
1184 1346 1203 1430 ἦ
1229 1357 1445 1433 Βραυρωνίοις.

326 1469 471 1530 irrudem
503 1469 604 1544 igitur
634 1470 696 1529 hoc
722 1468 809 1543 locu,
834 1471 871 1529 ut
894 1467 972 1528 alibi
996 1470 1138 1544 passim,
1161 1469 1306 1531 librariis
1331 1471 1411 1532 iecit
1433 1470 1538 1531 cresis

324 1582 545 1658 particularum
569 1581 621 1641 κοί
643 1585 676 1642 et
699 1574 776 1658 εἶοο,
798 1581 872 1642 dein
892 1582 1036 1656 gliscens
1057 1581 1183 1643 melum
1204 1584 1331 1659 peperit
1348 1587 1534 1646 monstrum

324 1697 396 1769 quod
420 1701 514 1757 exist
537 1697 571 1757 iu
594 1697 708 1758 codice
729 1697 768 1758 R.

357 1811 448 1873 Nunc
472 1811 643 1873 videamus
665 1810 768 1871 verbe
790 1811 880 1871 chori
903 1809 1001 1886 Vesp.
1027 1812 1091 1871 242
1116 1826 1204 1887 sqq.:

488 1921 560 2004 χθὲς
582 1916 639 1985 οὖν
663 1923 768 1984 Κλέων
792 1921 808 1984 i
831 1922 971 2002 κηδεμὼν
994 1919 1068 2001 ἡμῖν
1092 1919 1180 1998 ἐφεῖτ’
1205 1922 1238 1984 ἐν
1261 1925 1324 2008 ὥρᾳ

489 2037 572 2117 ἥκειν
595 2037 717 2116 ἔχοντος
741 2033 861 2115 ἡμερῶν
886 2033 981 2118 ὀργὴν
1004 2047 1094 2116 τριῶν
1117 2038 1265 2116 πονηράν·

489 2145 532 2212 ἐπ’
557 2150 651 2213 αὐτὸν
675 2149 715 2224 ὡς
738 2149 1024 2228 καλουμένους·
1048 2142 1091 2211 ὧν
1116 2149 1269 2231 ἠδίκησεν·
1293 2149 1367 2212 ἀλλὰ
1389 2150 1446 2231 γὰρ

489 2268 665 2346 σπεύσωμεν
689 2259 801 2346 ὧνδρες
823 2265 879 2326 xri.

322 2384 366 2444 Sic
399 2383 433 2444 in
467 2384 496 2444 R
526 2385 608 2446 haec
638 2385 754 2445 extent
784 2385 932 2445 exarata.
965 2382 1053 2458 Quae
1082 2383 1111 2444 si
1137 2383 1235 2445 aliter
1258 2384 1538 2458 interpunguntur

322 2496 595 2572 deletupurticulu
613 2511 861 2573 supervacanee
879 2495 946 2576 γάρ,
964 2499 1070 2558 restat
1093 2496 1192 2558 lectio
1214 2495 1445 2574 fallacissime,
1470 2513 1538 2573 spe·

321 2610 397 2671 ciem
417 2611 506 2672 enim
526 2611 640 2686 habet,
662 2614 697 2672 et
714 2625 834 2687 purum
852 2610 938 2671 uiuit
958 2610 1036 2684 quin
1057 2612 1195 2671 cunctos
1214 2611 1343 2672 codices
1357 2612 1538 2674 invaderet.

321 2722 375 2785 Sed
398 2724 432 2785 in
449 2724 479 2783 V
499 2727 554 2786 est
572 2724 858 2802 οχολούμευος,
877 2723 909 2784 id
928 2738 1056 2798 quoque
1080 2724 1255 2801 vitiosum,
1279 2729 1313 2786 et
1335 2727 1447 2800 aperte
1469 2726 1538 2799 qui·

320 2839 386 2900 deur
400 2839 570 2915 vitiosum,
583 2840 652 2901 veri
664 2843 778 2900 temen
793 2839 969 2914 vestigium
982 2852 1122 2898 servans
1130 2838 1392 2914 aliquun1psum
1400 2840 1539 2913 denique

319 2956 428 3026 poetae
450 2969 588 3016 manum
612 2954 795 3016 restituens
814 2952 938 3014 codicis
957 2951 985 3011 V
1004 2955 1171 3014 corrector
1193 2953 1426 3028 superscripsit
1441 2956 1536 3013 κολοε

624 3065 664 3140 ὦς
687 3063 1021 3143 κολωμένο<υ>ς
1046 3057 1090 3126 ὦν
1113 3063 1268 3145 ἠδίκησεν,

320 3185 350 3241 ui
379 3198 449 3243 crem
548 3197 614 3244 nou
643 3183 679 3243 in
701 3183 753 3243 ius
775 3197 927 3258 uocemue,
952 3197 1030 3243 num
1055 3182 1178 3243 dudum
1199 3182 1232 3242 id
1254 3182 1381 3243 ructum
1405 3184 1458 3242 est
1480 3183 1540 3241 aut

320 3293 438 3357 tectum
463 3310 539 3357 esse
562 3297 718 3373 sumitur,
745 3296 803 3357 sei
825 3299 860 3356 ut
881 3311 954 3356 cum
976 3296 1242 3358 ulciscamur.

361 3409 419 3470 Hic
447 3424 576 3485 quoque
608 3411 746 3485 apparet
775 3409 853 3483 quid
883 3409 930 3469 sit
958 3409 1095 3471 iactum.
1127 3409 1286 3470 Futurum
1317 3408 1537 3469 rariuscuium

319 3523 529 3599 κολωμένους
561 3523 640 3586 olim
672 3524 755 3584 abiit
784 3523 818 3584 in
849 3522 1098 3600 κολουμένονς,
1122 3525 1208 3598 quod
1233 3524 1351 3584 vitium
1373 3521 1538 3599 παραδιορ-

321 3639 441 3708 οοουοες
463 3636 521 3698 alii
544 3638 750 3713 scripserunt
772 3635 1012 3716 χολουμένους
1033 3639 1092 3709 (sic
1111 3638 1229 3698 Veneti
1247 3640 1341 3712 puter
1362 3636 1415 3697 vel
1433 3641 1539 3710 avus),

321 3751 376 3810 ulii
396 3749 635 3826 καλουμένους
659 3752 720 3822 (sic
743 3752 971 3820 Ravennatis).

424 4023 476 4100 17)
499 4023 552 4084 De
573 4023 781 4084 verborum
802 4021 947 4090 turmis,
970 4037 1062 4095 quus
1083 4021 1210 4096 prisca
1230 4022 1435 4096 praebebat

747 4125 875 4198 dictio,
896 4127 1099 4202 corruptis.

365 4330 399 4389 In
422 4346 533 4406 versu,
558 4343 656 4403 quern
680 4329 779 4388 modu
798 4328 986 4404 tetigimus,
1006 4329 1115 4406 prisca
1133 4328 1226 4390 verbi
1245 4327 1540 4390 formaaiibreriie

321 4457 385 4502 nou
415 4448 464 4506 est
500 4444 624 4519 agnitu.
658 4441 786 4503 Atiiues
820 4445 898 4504 sunt
933 4442 1011 4520 loci,
1047 4443 1103 4503 ubi
1132 4445 1333 4505 recentiores
1362 4442 1537 4503 verborum

321 4553 438 4629 figurae
466 4559 670 4619 substitutae
700 4559 779 4617 suut
810 4571 887 4616 vere
916 4557 1037 4619 atticis.
1060 4558 1108 4618 Ne
1131 4561 1276 4618 metrum
1299 4557 1431 4631 quidem
1456 4557 1541 4617 eutis

322 4669 449 4732 valebat
471 4671 614 4732 attalia
636 4669 793 4732 arcenda:

408 4787 484 4848 Acir.
510 4786 585 4846 279.

537 4895 555 4974 ἡ
581 4891 609 4956 ‹i’
635 4895 725 4968 ἀσπὶς
747 4895 779 4956 ἐν
801 4907 841 4980 τῷ
865 4896 994 4983 <perpetius
1017 4897 1349 4978 κρεμασθήσεται.

671 5012 724 5073 Sic
748 5012 776 5072 R
799 5027 857 5088 pro
880 5011 1131 5089 κρεμήσεται.
