4375 6284
654 937 718 997 262
1092 949 1135 994 us
1157 949 1266 994 nsxru
1287 948 1439 996 amomo.

649 1137 749 1199 quam
792 1121 937 1183 fabulam
981 1135 1046 1181 non
1088 1120 1152 1181 nisi
1187 1135 1205 1180 e
1237 1120 1437 1196 fragmentis
1476 1120 1672 1195 quibusdam
1706 1121 1863 1198 cognitam

649 1235 826 1312 babemuS,
858 1235 1040 1297 diffidenter
1071 1234 1161 1308 loqui
1190 1249 1252 1295 nos
1281 1248 1342 1310 par
1370 1237 1440 1296 est:
1471 1235 1622 1310 equidem
1652 1236 1715 1298 boc
1747 1251 1865 1311 quoque

650 1364 771 1412 nomen
813 1349 917 1428 errori
959 1348 1059 1410 alicui
1100 1347 1211 1409 deberi
1249 1347 1400 1425 arbitror,
1435 1364 1511 1410 cum
1544 1352 1740 1426 pracsertim
1775 1365 1867 1412 unam

649 1466 783 1524 tantum
806 1462 1058 1524 Aeolosiconem
1083 1461 1279 1537 cognovisse
1302 1461 1475 1523 videantur
1496 1464 1554 1536 qui
1574 1463 1689 1525 Vitam
1708 1465 1824 1526 comici
1838 1467 1867 1526 et

650 1577 889 1652 Prolegomena
910 1576 950 1637 de
974 1574 1151 1636 comoedia
1173 1575 1379 1649 scripserunt
1395 1570 1428 1645 ¹).

695 1691 835 1751 Restant
864 1689 1081 1764 quadruplata
1110 1686 1298 1749 tabularum
1329 1689 1477 1750 nomina.
1507 1691 1576 1751 llut
1604 1691 1707 1766 igitur
1735 1693 1869 1764 quatuor

649 1804 786 1865 nomina
815 1804 937 1878 latent,
968 1804 1027 1864 aut
1055 1801 1168 1878 plures
1197 1800 1329 1862 tabulae
1359 1801 1598 1865 Alexandriam
1627 1819 1694 1867 non
1723 1819 1869 1880 perrone

650 1921 728 1978 runt
770 1919 805 1978 et
839 1918 895 1991 qui
930 1916 1150 1992 quadraginta
1182 1917 1325 1988 quatuor
1364 1914 1495 1977 fabulas
1528 1918 1655 1979 comico
1688 1916 1873 1979 tribuebant

649 2030 797 2106 duplices
820 2029 1043 2091 numerabant
1064 2028 1176 2090 Nubes
1199 2029 1317 2089 Pacem
1340 2028 1477 2090 Plutum
1500 2031 1763 2094 Aeolosiconem.

696 2257 839 2320 Fabulae
873 2258 953 2332 quin
982 2257 1024 2319 ab
1054 2259 1129 2335 ipso
1153 2261 1253 2334 poeta
1274 2259 1308 2319 in
1331 2258 1440 2320 lucem
1462 2259 1588 2321 luerint
1608 2260 1717 2322 editae
1738 2277 1805 2323 non
1827 2265 1873 2323 est

652 2373 736 2448 quod
759 2371 961 2434 dubitemus.
984 2372 1031 2433 Ne
1054 2372 1087 2433 id
1110 2372 1243 2448 quidem
1266 2371 1401 2434 dubium
1425 2373 1556 2434 videtur
1578 2375 1657 2447 quin
1679 2373 1773 2436 brevi
1790 2379 1872 2452 poet·

652 2503 751 2562 quam
781 2487 816 2548 in
848 2486 1028 2548 certamino
1058 2485 1189 2562 publico
1218 2487 1364 2562 primum
1395 2489 1509 2548 essent
1539 2491 1635 2550 actae
1659 2488 1746 2564 apud
1768 2488 1872 2550 biblio·
1971 2514 1972 2519 ¹

651 2601 744 2677 polae
766 2601 984 2676 prostiterint.
1007 2601 1044 2662 ld
1067 2601 1153 2674 quod
1175 2604 1210 2662 et
1232 2603 1316 2663 ratio
1335 2602 1412 2679 lert,
1427 2617 1559 2663 -nam
1577 2606 1651 2664 tum
1669 2605 1872 2680 praesertim,
1971 2626 1972 2661 1

652 2731 727 2777 oum
762 2730 868 2777 novae
902 2715 1033 2777 rabulae
1066 2715 1174 2777 fervet
1208 2717 1331 2793 gratia,
1359 2717 1456 2778 multi
1487 2723 1567 2779 sunt
1595 2719 1652 2793 qui
1682 2733 1873 2795 cognoscere
1971 2684 1972 2733 ³

651 2844 727 2892 eam
758 2830 908 2906 cupiant,
934 2831 1072 2890 -tum
1102 2845 1144 2891 ex
1175 2829 1345 2891 Ranarurn
1375 2830 1518 2906 quodam
1548 2831 1620 2894 loco
1650 2831 1800 2910 efficitur,
1822 2831 1874 2893 ubi

651 2943 736 3018 quod
773 2943 967 3020 ,exercitati
999 2942 1067 3004 lam
1097 2943 1193 3004 esse”
1223 2944 1378 3006 dicuntur
1406 2947 1623 3023 spectatores,
1656 2947 1795 3023 ,quippe
1821 2945 1873 3022 qui

651 3074 712 3140 suo
743 3058 868 3134 singuli
897 3057 1009 3120 libello
1038 3058 1105 3118 lam
1138 3059 1207 3119 sint
1236 3059 1393 3135 muniti”,
1420 3059 1608 3122 miserrime
1629 3060 1802 3137 langueret
1822 3059 1873 3120 ille

652 3173 745 3234 iocus
768 3172 798 3232 si
821 3172 902 3232 artis
925 3171 997 3233 sive
1020 3171 1203 3233 litterariae
1226 3173 1299 3234 eive
1321 3173 1522 3249 strategicae
1541 3175 1652 3235 nescio
1670 3189 1755 3250 quae
1773 3173 1874 3234 enchi·

651 3288 737 3350 ridie
770 3287 839 3348 illic
873 3288 988 3347 essent
1021 3285 1252 3361 intellegenda.
1286 3286 1446 3348 Versibus
1478 3287 1561 3364 illis,
1592 3303 1675 3364 quos
1701 3287 1873 3364 postmodo

653 3401 785 3462 additos
808 3400 958 3476 arbitror,
983 3400 1131 3460 comicus
1154 3401 1203 3461 ait
1222 3400 1368 3462 fabulam
1389 3405 1477 3478 tum,
1501 3417 1575 3462 cum
1597 3404 1742 3478 primum
1760 3404 1795 3464 in
1813 3416 1874 3462 cer·

652 3517 778 3578 tamine
802 3515 999 3590 Dionysiaco
1022 3517 1241 3591 spectaretur,
1257 3515 1474 3577 difficiliorem
1494 3516 1666 3578 intellectu
1683 3516 1873 3593 quibusdam

653 3633 742 3691 certe
767 3628 972 3690 auditoribus
994 3643 1068 3689 esse
1090 3629 1216 3704 visam,
1239 3631 1371 3704 propter
1394 3629 1525 3692 crebros
1546 3628 1637 3694 locos
1658 3647 1701 3693 ex
1724 3631 1872 3708 Aeschyli

652 3743 883 3820 Euripidisque
915 3743 1076 3804 dramatis
1105 3741 1243 3817 allatos;
1273 3744 1342 3804 iam
1371 3759 1464 3821 vero,
1487 3747 1667 3820 postquam
1685 3746 1787 3806 etiarn
1810 3762 1871 3823 per·

652 3859 761 3934 legere
791 3872 865 3918 eam
895 3857 1067 3933 potuerint
1097 3858 1132 3918 et
1161 3856 1277 3918 sedata
1307 3861 1419 3919 mente
1441 3873 1556 3920 secum
1579 3859 1792 3936 perpendere,
1814 3873 1870 3921 non

652 3987 750 4049 posse
772 3971 876 4032 etiam
899 3971 1078 4032 molestam
1102 3984 1178 4031 esse
1202 3971 1374 4046 cuiquam3
1398 3971 1519 4033 festive
1536 3975 1649 4033 autem
1670 3971 1768 4049 fingit
1785 3975 1872 4050 poeta

653 4087 803 4163 singulos
833 4087 1039 4162 spectatores
1069 4083 1242 4161 exemplar
1271 4086 1356 4160 apud
1387 4084 1599 4162 bibliopolam
1625 4089 1755 4148 emtum
1778 4099 1870 4148 mann

653 4203 723 4262 iam
753 4203 868 4262 tenere
884 4195 918 4270 ¹).
949 4200 1104 4261 Fortasse
1136 4214 1179 4260 ex
1209 4199 1327 4259 comici
1353 4199 1407 4260 his
1429 4200 1540 4261 verbis
1561 4203 1732 4276 praeterea
1754 4201 1869 4262 edicere

652 4314 730 4375 licet
759 4313 929 4374 Ranarum
961 4313 1140 4374 editionem
1166 4313 1349 4390 principem
1372 4316 1406 4375 in
1429 4317 1579 4392 margine
1602 4316 1759 4378 babuisse
1781 4316 1869 4374 -et

654 4427 766 4503 quidni
789 4427 963 4489 habuerit?
988 4460 1028 4470 -
1052 4427 1223 4502 adscripta
1245 4427 1343 4490 talia:
1367 4427 1538 4508 ,Αἰσχύλος
1558 4429 1768 4509 Μυρμιδόσιν,
1784 4427 1865 4506 Ede·-

653 4541 745 4620 πίδης
768 4539 956 4626 Μελεάγρῳ”
980 4539 1116 4602 similia.

687 4873 707 4940 ι)
725 4874 763 4922 Cr.
780 4874 852 4924 Pluli
870 4875 1025 4936 bypolbeeis
1043 4875 1084 4924 m
1101 4878 1129 4923 et
1144 4873 1281 4924 Platonica
1298 4887 1379 4936 cupra
1395 4888 1456 4938 pag.
1475 4877 1523 4924 let
1541 4877 1556 4936 5
1574 4879 1631 4926 bet
1648 4879 1689 4926 1⁰.

686 4952 707 5016 ¹)
724 4957 788 5003 Bau.
821 4956 996 5005 riou-111⁸.
1028 4955 1068 5003 (li.
1100 4955 1197 5015 syllog.
1228 4955 1375 5004 Oomment.
1400 4955 1427 5002 in
1454 4956 1515 5003 bon.
1540 4953 1616 5004 conti
1643 4959 1783 5020 wuccript
1807 4953 1863 5004 lm

655 5049 682 5096 p.
706 5037 738 5084 ob
761 5049 819 5096 sqq.
