4375 6284
642 939 685 1001 48
1161 949 1203 992 nn
1226 947 1351 993 aornar

642 1142 737 1202 grare
772 1127 887 1201 vellet,
922 1122 1056 1185 etiamsi
1090 1136 1191 1195 quam
1225 1121 1374 1182 maxime
1407 1121 1533 1195 posset.
1567 1117 1627 1179 Oui
1657 1131 1723 1178 non
1755 1117 1862 1177 nocuit

643 1240 784 1302 bellum:
815 1239 939 1316 proruit
961 1236 1088 1312 potius;
1113 1249 1191 1295 nam
1216 1234 1322 1294 muris
1343 1231 1473 1293 inclusa
1495 1232 1573 1292 dum
1598 1229 1727 1291 desidet
1748 1233 1784 1290 31
1803 1229 1863 1288 lan·
1952 1298 1953 1309 ¹

643 1357 721 1430 guet
750 1355 919 1427 iuventus,
954 1351 1056 1412 variis
1087 1348 1272 1424 disciplinis
1304 1346 1415 1408 studio
1446 1345 1665 1406 tumultuario
1696 1345 1812 1405 dedere
1831 1359 1864 1402 33
1952 1374 1953 1381 1

644 1469 752 1544 coepit
786 1471 821 1529 et
854 1462 1053 1541 disputando
1089 1466 1224 1537 tempus
1255 1464 1377 1535 terere,
1413 1459 1553 1519 meliora
1582 1473 1667 1533 quae
1697 1461 1777 1533 agat
1804 1471 1865 1516 non
1952 1498 1953 1521 ,

645 1583 770 1643 habens
800 1579 964 1641 videlicet.
996 1577 1083 1637 Olim
1116 1579 1229 1636 autem
1261 1588 1399 1649 peregre
1430 1586 1514 1646 quae
1545 1571 1743 1631 inventabat
1775 1585 1866 1631 mens

644 1696 806 1770 humana,
831 1695 864 1753 in
888 1693 1037 1753 Atticam
1063 1690 1245 1750 identidem
1268 1685 1536 1763 importabantur
1554 1684 1684 1759 quidem
1706 1687 1742 1743 et
1759 1698 1868 1744 recens
1952 1678 1953 1705 ³

645 1809 834 1883 excogitata
857 1806 1095 1881 aliquantisper
1117 1802 1186 1862 illic
1209 1799 1479 1873 venditabantur,
1498 1812 1578 1857 mox
1599 1811 1675 1858 vero
1695 1812 1771 1857 cnm
1791 1798 1868 1872 ipsis

644 1921 872 1983 venditoribus
891 1934 957 1980 non
977 1917 1123 1993 amplius
1142 1914 1393 1990 comparebant;
1413 1913 1480 1973 iam
1499 1926 1578 1972 1313
1598 1912 1632 1970 13
1651 1913 1724 1986 ipso
1741 1913 1868 1972 Atticae

646 2033 717 2093 solo
751 2034 879 2094 radices
914 2033 981 2106 egit
1015 2031 1103 2091 mira
1135 2030 1195 2090 1113
1228 2030 1309 2090 3311
1342 2028 1417 2089 aevi
1447 2027 1620 2102 sapientia.
1655 2027 1869 2101 Anaxagoras
1952 2068 1953 2075 ,

647 2147 746 2207 homo
781 2147 941 2221 Asianus,
978 2144 1117 2219 Gorgias
1152 2142 1301 2218 Siculus,
1335 2141 1539 2215 Protagoras
1571 2155 1589 2200 3
1621 2139 1782 2200 Thraciae
1816 2154 1870 2199 ora
1952 2220 1953 2227 ἵ

647 2260 820 2335 31133133,
862 2258 1002 2334 Hippias
1044 2256 1318 2331 Peloponnesius,
1356 2254 1517 2330 Diagoras
1551 2253 1682 2327 Melius,
1716 2253 1869 2314 Prodicus
1952 2254 1953 2275 ¹

648 2370 747 2449 0333,
782 2373 839 2432 3111
875 2371 939 2432 1111
974 2370 1109 2446 plurimi
1151 2369 1302 2430 Athenas
1344 2384 1418 2429 cum
1463 2367 1676 2428 devenissent
1710 2367 1867 2440 hospites,
1952 2404 1953 2409 1

648 2485 831 2545 doctrinam
873 2499 970 2544 suam
1006 2483 1240 2558 praesentibus
1274 2483 1423 2542 nummis
1457 2496 1516 2556 per
1549 2480 1711 2554 temporis
1745 2477 1869 2552 aliquod

648 2599 794 2673 spatium
826 2597 1034 2658 tradiderunt
1064 2596 1287 2656 auditoribus:
1319 2595 1542 2655 Athenienses
1571 2609 1637 2655 non
1666 2597 1771 2655 erant.
1802 2591 1870 2651 Pro·
1952 2655 1953 2679 ¹

648 2725 743 2787 spere
773 2725 848 2771 cum
871 2710 913 2770 iis
937 2711 1093 2770 cessisset
1118 2724 1183 2783 res,
1208 2708 1340 2770 sacculo
1365 2708 1447 2768 bene
1470 2707 1596 2782 repleto
1618 2706 1702 2766 31133
1725 2707 1872 2780 regiones
1952 2704 1953 2753 1

650 2826 816 2900 petebant.
849 2823 979 2899 Quanto
1010 2823 1138 2884 maiora
1168 2823 1235 2882 iam
1258 2822 1384 2883 11131331
1408 2821 1554 2896 pericula
1576 2836 1596 2881 3
1618 2821 1753 2882 Socrate
1775 2821 1870 2882 Atha·
1952 2796 1953 2813 ¹

649 2937 771 2998 niensil
807 2939 858 2999 Ad
893 2952 991 3010 quem
1022 2937 1161 2997 iuvenes
1192 2935 1375 3009 confluunt,
1405 2950 1505 3009 quem
1536 2948 1634 2995 caeca
1656 2935 1872 2995 admiratione

650 3051 913 3127 complectuntur
944 3054 975 3112 et
1005 3051 1205 3126 suspiciunt,
1236 3048 1423 3109 humillimo
1446 3049 1517 3108 loco
1541 3051 1656 3108 natum
1679 3047 1870 3109 nebulonem

650 3167 683 3224 31
706 3165 765 3224 vix
788 3164 916 3225 liberali
941 3165 1031 3225 victu
1054 3163 1241 3224 educatum.
1266 3163 1300 3222 Is
1323 3176 1420 3222 aures
1442 3162 1509 3221 iam
1533 3161 1687 3222 obtundit
1702 3161 1873 3221 iuvenibus
1952 3234 1953 3239 ἵ

650 3277 767 3340 multis
800 3279 970 3353 generosis
1004 3278 1187 3352 ceterisque
1217 3276 1410 3337 hominibus
1439 3277 1495 3349 qui
1524 3279 1686 3350 tempore,
1719 3279 1756 3335 ut
1787 3276 1870 3350 ipse,

651 3391 792 3452 affluunt
821 3406 926 3466 neque
956 3392 1029 3451 eius
1058 3390 1327 3451 familiaritatem
1358 3393 1588 3465 aspernantur,
1613 3423 1653 3433 —
1677 3389 1775 3450 modo
1800 3404 1871 3451 cum

651 3504 754 3565 Oritia
790 3503 841 3564 131
876 3502 1046 3565 Alcibiade
1078 3503 1320 3578 confabulatus,
1352 3503 1450 3564 modo
1480 3517 1556 3563 cum
1586 3507 1698 3564 331313
1728 3503 1873 3578 aliquos

652 3618 789 3680 taberna
824 3619 948 3692 vicina,
981 3618 1019 3677 de
1051 3617 1205 3677 omnibus
1235 3617 1333 3678 rebus
1363 3633 1446 3691 quae
1473 3617 1550 3677 sciri
1573 3633 1672 3694 posse
1694 3619 1871 3690 videantur,

651 3732 866 3807 potissimum
897 3735 1011 3791 autem
1038 3731 1077 3791 de
1102 3731 1144 3790 iis
1167 3730 1266 3791 rebus
1291 3744 1375 3805 quae
1397 3737 1578 3805 nequeant,
1601 3747 1773 3793 sermones
1795 3732 1873 3792 alios
1952 3702 1953 3709 ἵ

653 3861 695 3905 ex
725 3843 801 3904 aliis
830 3845 902 3904 sine
933 3842 997 3905 133
1028 3859 1151 3905 serens.
1176 3844 1873 3921 113111331313333331313333,313333

653 3973 729 4019 cum
763 3959 1026 4032 quaestiunculis
1068 3960 1140 4019 3313
1181 3958 1354 4033 pervenire
1392 3961 1513 4036 possit,
1547 3975 1636 4022 nova
1667 3975 1752 4035 quae
1786 3963 1874 4035 roget

654 4070 779 4132 habens
813 4086 954 4147 semper.
989 4073 1039 4133 Ad
1073 4073 1331 4147 Aristophanem
1367 4073 1500 4147 quidem
1532 4089 1597 4134 non
1627 4075 1793 4149 pertinent
1821 4073 1875 4134 illa

653 4187 780 4262 taedia,
813 4201 893 4247 nam
925 4187 1040 4248 sedulo
1067 4188 1242 4248 11333131
1265 4203 1306 4248 ne
1329 4189 1503 4263 proximus
1525 4189 1588 4250 sibi
1610 4187 1668 4250 flat
1690 4190 1790 4252 homo
1812 4205 1873 4250 mo·

652 4300 778 4374 lestus;
802 4298 903 4374 probe
926 4303 1040 4360 tamen
1060 4305 1155 4360 33111
1175 4303 1339 4375 quomodo
1357 4317 1395 4363 33
1412 4305 1505 4377 gerat
1518 4303 1591 4378 ille,
1612 4303 1709 4364 aliter
1720 4304 1873 4365 nimirum

654 4427 786 4488 semper
816 4427 915 4487 quam
947 4414 1047 4474 ceteri
1078 4413 1249 4475 mortales.
1276 4415 1380 4476 liudis
1402 4416 1539 4492 pedibus
1562 4433 1619 4492 per
1642 4418 1731 4478 urbis
1753 4417 1876 4493 plateas

655 4525 739 4602 obit,
772 4540 837 4587 uno
868 4527 1050 4601 eodemque
1080 4528 1223 4588 amiculo
1254 4529 1326 4589 3113
1356 4529 1464 4591 hiems
1487 4532 1539 4590 est
1560 4531 1632 4592 sive
1656 4537 1767 4592 aestas
1789 4529 1875 4591 indu·

654 4643 725 4716 tus,
758 4654 856 4715 saepe
886 4640 995 4700 media
1026 4641 1059 4699 in
1091 4641 1263 4702 hominum
1295 4643 1391 4703 turba
1421 4645 1625 4719 consistens,
1649 4659 1708 4705 ceu
1733 4644 1876 4721 lapideus

654 4753 762 4814 tactus
780 4753 826 4813 sit
848 4751 975 4829 subito,
1000 4755 1114 4814 oculos
1138 4755 1231 4814 humi
1253 4753 1359 4830 figens
1376 4761 1410 4816 et
1428 4758 1604 4833 supercilia
1621 4759 1668 4818 ita
1686 4758 1823 4819 ductans
1841 4759 1876 4814 ut

656 4867 801 4940 ingentis
829 4867 992 4927 momenti
1024 4867 1153 4942 aliquas
1176 4883 1229 4928 rea
1252 4868 1286 4928 in
1310 4868 1450 4929 deformi
1473 4871 1537 4930 1313
1561 4873 1667 4946 capite
1689 4867 1876 4947 pertractari

656 4979 821 5054 crederes,
853 4979 918 5039 nisi
948 4981 1090 5040 sentires
1120 4981 1254 5042 tallacia
1282 4982 1350 5042 ista
1380 4997 1455 5043 esse
1485 4982 1626 5044 artificia
1656 4985 1719 5045 virt
1747 4980 1876 5060 gloriosi
