4375 6284
769 951 848 996 vrre
871 951 910 995 rr
934 947 1102 994 erneisus.
1505 935 1547 992 69

329 1121 522 1181 mortarium
553 1122 684 1196 tenens,
717 1123 854 1181 cunctas
884 1119 1043 1180 nimirum
1071 1116 1226 1178 Graeciae
1253 1117 1408 1177 civitates
1439 1119 1548 1178 contu·

329 1247 457 1306 surum;
488 1233 581 1294 inicit
612 1234 765 1310 Spartam
797 1236 831 1294 et
859 1233 1010 1293 Athenas
1037 1233 1070 1292 et
1101 1231 1232 1305 Megara
1254 1232 1288 1290 et
1311 1229 1492 1303 Syracusas
1515 1235 1549 1292 et

328 1347 469 1406 celeres:
491 1378 530 1389 -
551 1345 670 1421 ingene
688 1363 731 1408 ex
749 1347 790 1406 iis
810 1343 867 1406 iiet
886 1348 1054 1406 moretum
1072 1344 1106 1405 in
1123 1343 1228 1418 ipsius
1240 1342 1549 1427 cenam.Pisiillum

328 1457 375 1518 ubi
400 1458 478 1519 eet?

365 1573 505 1633 i'rustra
534 1573 760 1649 circumspicit
788 1572 963 1648 pistillum.
987 1570 1112 1646 Nempe
1134 1584 1239 1646 nuper
1260 1570 1295 1630 in
1319 1583 1441 1630 novam
1465 1570 1551 1630 hanc

326 1684 458 1746 domum
489 1685 735 1761 commigravit:
770 1684 1013 1762 supellectilem
1044 1684 1192 1744 nondum
1223 1684 1307 1743 satis
1339 1681 1419 1743 bene
1449 1681 1549 1743 habet

325 1798 530 1874 dispositam.
554 1799 669 1873 Itaque

367 1912 481 1986 ,Heus
502 1913 622 1989 pueri”
646 1913 770 1988 mugit:
797 1912 960 1988 ,Athenis
982 1913 1056 1986 pete
1076 1909 1257 1986 pistillum;
1280 1910 1333 1970 iac
1351 1909 1441 1970 adsis
1460 1908 1547 1969 dicto

323 2025 452 2086 citius.’¹

363 2138 541 2199 Tremulus
555 2138 762 2215 pallidusque
778 2140 851 2200 sine
867 2153 1013 2200 mora-
1027 2153 1106 2198 nam
1123 2142 1207 2196 θεῶν
1223 2135 1342 2216 αἰψηρὰ
1357 2135 1487 2198 κέλευθα
1502 2174 1541 2184 -

323 2253 406 2312 redit
428 2252 597 2314 minister:

366 2398 407 2408 -
433 2365 480 2440 ‚0
504 2365 598 2441 here,
622 2365 845 2426 Athenienses
867 2365 1025 2441 pistillum
1050 2379 1149 2426 suum
1174 2365 1390 2426 amiserunt.”

365 2511 407 2521 -
434 2477 657 2554 ,quantocius
676 2477 777 2552 igitur
801 2479 811 2537 i
834 2478 1151 2539 Lacedaemonem.”

363 2591 477 2652 Denuo
500 2590 605 2651 redux
628 2591 835 2667 mancipium
857 2593 949 2654 metu
971 2591 1178 2667 perculsum:

366 2737 405 2748 -
433 2703 522 2780 ,Vae
548 2703 684 2780 mihii'’,
708 2704 922 2766 vociferatur:
957 2704 1113 2780 ,ignosce
1143 2705 1241 2780 mihi,
1275 2705 1367 2781 here,
1392 2705 1546 2781 obsecro,

322 2832 397 2878 nam
433 2832 475 2878 ue
510 2817 686 2892 Spartiatis
720 2817 852 2892 quidem
887 2821 940 2878 est
977 2817 1160 2892 pistillum;
1195 2817 1313 2878 amicis
1347 2818 1544 2892 quibusdam

321 2929 501 2992 i'hracibus
523 2931 791 3007 commodarunt,
815 2933 946 3005 iamque
969 2945 1133 3005 nusquam
1158 2932 1359 3006 comparet.”

364 3045 419 3106 lra
448 3045 595 3120 percitus
625 3044 708 3105 Belli
731 3043 813 3105 deus
836 3043 928 3104 intus
955 3043 1036 3118 abit,
1062 3046 1099 3104 ut
1121 3043 1284 3119 pistillum
1306 3043 1370 3104 sibi
1393 3043 1546 3106 conficiat

320 3159 400 3233 ipse.
420 3158 557 3232 Iamque
575 3156 716 3233 vinitor,
736 3159 791 3232 qui
810 3157 931 3218 anxius
950 3156 1189 3232 aliquantisper
1207 3156 1240 3217 in
1260 3157 1380 3231 angulo
1399 3158 1545 3236 delituit,

320 3269 498 3332 audacibus
531 3270 699 3332 fortunam
734 3271 847 3331 lavere
885 3269 1091 3330 recordatur:
1128 3269 1206 3343 quid
1239 3271 1269 3330 si
1301 3269 1399 3331 Pacis
1432 3273 1494 3332 dea
1527 3287 1546 3332 e

320 3399 449 3445 carcere
479 3384 548 3460 illo,
582 3383 636 3445 ubi
666 3398 753 3444 nunc
788 3383 928 3458 languet
955 3382 1099 3458 incluse,
1130 3384 1223 3459 prius
1256 3381 1415 3445 liberetur
1444 3400 1544 3459 quam

318 3511 421 3558 saeva
449 3498 516 3558 ista
544 3497 652 3558 bestia
682 3496 847 3572 pistillum
877 3510 976 3556 suum
1007 3497 1144 3556 teneat?
1175 3496 1228 3556 Sic
1252 3496 1424 3571 frangatur
1447 3499 1547 3559 huius

319 3613 468 3683 potestas
497 3613 532 3671 et
562 3610 699 3671 Graecia
729 3609 871 3670 instanti
900 3608 1054 3684 perniciei
1089 3608 1192 3670 etiam
1227 3610 1399 3684 eripiatur!
1433 3610 1546 3684 Itaque

319 3723 411 3786 clara
439 3739 533 3800 voce,
561 3739 645 3798 quae
676 3739 720 3784 ex
750 3724 884 3785 aethere
914 3737 1030 3783 sereno
1061 3722 1102 3783 ad
1129 3723 1270 3784 ultimas
1291 3723 1447 3785 Graeciae
1469 3739 1547 3785 oras

319 3838 483 3914 pervenit,
510 3838 597 3912 ,huc
619 3837 772 3898 adestei”
796 3836 921 3897 clamat
946 3837 1151 3912 ,quicunque
1174 3837 1269 3898 Pacis
1293 3841 1447 3899 amantes
1464 3839 1547 3899 estis

322 3951 504 4028 ,agricolae
526 3955 560 4014 et
584 3954 786 4013 mercatores
809 3953 843 4010 et
869 3948 1003 4026 opiiices
1025 3950 1097 4011 sive
1120 3951 1342 4012 Athenienses
1363 3953 1435 4013 eive
1458 3968 1545 4028 pere·

321 4067 441 4142 ,grini,
472 4066 538 4127 huc
567 4065 682 4126 adeste
713 4080 788 4125 cum
820 4064 940 4125 rastris
971 4067 1005 4126 et
1035 4064 1200 4139 ligonibus
1224 4069 1257 4124 et
1279 4065 1487 4143 rudentibus,
1511 4070 1549 4128 ut

322 4179 466 4254 ,mmam
491 4179 588 4240 deam
611 4177 800 4239 liberetisl”

363 4291 516 4367 Undique
538 4291 754 4367 concurritur,
779 4291 898 4352 ceteris
917 4291 1029 4351 autem
1050 4290 1228 4353 alacriores
1247 4292 1368 4353 adsunt
1387 4292 1549 4368 agricolae

319 4406 439 4479 Attici;
469 4422 548 4468 mox
576 4407 672 4466 saxis
701 4404 861 4481 dispulsis
892 4421 936 4466 ex
965 4404 1122 4481 spelunca
1152 4406 1293 4467 liberata
1323 4406 1432 4482 prodit
1458 4406 1544 4483 Pax,

318 4520 463 4594 ingentis
493 4523 526 4582 et
550 4534 627 4581 vere
656 4520 788 4580 divinae
818 4521 969 4581 staturae
999 4520 1137 4598 lomina,
1166 4521 1253 4582 uinis
1276 4523 1395 4582 tenens
1418 4520 1547 4597 puellas

318 4632 405 4694 duas
425 4633 698 4709 formosissimas,
722 4633 905 4695 Pomonam
926 4637 961 4695 et
978 4634 1169 4696 Laetitiam.
1189 4635 1260 4695 Hae
1280 4634 1427 4710 virgines
1446 4637 1545 4696 comi·

319 4749 435 4807 tantur
452 4747 640 4809 vinitorem
659 4747 693 4807 in
712 4749 835 4808 terram
855 4748 1048 4809 redeuntem
1068 4752 1246 4824 postquam
1266 4763 1320 4810 res
1335 4751 1404 4810 tam
1418 4750 1547 4824 egregie

320 4860 386 4920 sibi
418 4861 524 4922 cessit.
556 4862 698 4922 Laetitia
719 4861 807 4921 ludia
829 4861 981 4938 publicis,
1006 4864 1043 4923 ut
1067 4862 1161 4939 olim,
1185 4863 1385 4938 praesidebit
1408 4863 1549 4923 Athenis

319 4977 352 5034 et
377 4974 667 5036 innocentissimas
689 4975 817 5036 civibus
843 4974 1012 5051 praebebit
1036 4975 1237 5052 voluptates,
1262 4977 1445 5038 Pomonam
1468 4992 1546 5038 uxo-
