4375 6284
635 953 677 1011 28
1150 968 1193 1012 oa
1216 970 1343 1014 roanaa

634 1137 741 1210 ipsam
772 1150 842 1197 rem
870 1135 1036 1212 publicam
1063 1136 1248 1211 despicatui
1271 1137 1431 1198 habitam.
1454 1137 1525 1197 Non
1550 1152 1625 1198 esse
1648 1152 1777 1213 eorum,
1806 1138 1856 1211 qui

633 1248 775 1309 Athenis
804 1247 888 1309 bene
911 1247 1050 1324 veilent,
1074 1252 1134 1309 aut
1156 1249 1294 1324 probare
1318 1250 1400 1310 talia
1422 1253 1481 1310 aut
1505 1264 1609 1323 aequo
1632 1249 1744 1310 animo
1767 1250 1855 1309 ferre.

677 1361 793 1436 Itaque
813 1361 913 1423 cleon
930 1363 1046 1422 auctor
1064 1361 1129 1422 fuit
1147 1364 1184 1422 ut
1199 1361 1243 1438 is,
1264 1365 1317 1437 qui
1331 1363 1490 1423 delictum
1508 1362 1587 1422 illud
1600 1365 1856 1437 perpetraverat,

633 1489 745 1535 coram
768 1479 887 1534 senatu
910 1489 947 1534 se
970 1475 1090 1534 sistere
1112 1474 1291 1536 iuberetur.
1316 1475 1426 1538 Etiam
1449 1475 1662 1550 archontem,
1681 1476 1738 1548 qui
1760 1475 1855 1548 Baby·
1956 1522 1957 1539 .

633 1589 739 1648 louios
773 1587 920 1649 fabulam
959 1589 992 1647 in
1029 1591 1200 1650 certamen
1240 1589 1409 1664 publicum
1444 1590 1639 1662 admiserat,
1676 1591 1710 1649 in
1748 1589 1857 1664 gravia

632 1701 773 1761 crimina
794 1701 953 1760 incidisse
976 1701 1072 1761 facile
1095 1701 1313 1776 intellegitur.

677 1814 748 1874 Non
778 1815 892 1874 tamen
922 1814 1164 1889 Aristophanes
1195 1830 1307 1875 coram
1337 1819 1456 1876 senatu
1487 1829 1564 1875 reus
1595 1818 1648 1875 est
1671 1819 1782 1891 actus,
1805 1815 1857 1875 sad

635 1929 663 1986 is
685 1928 741 2001 qui
764 1926 912 1986 fabulam
931 1927 1095 1988 docuerat.
1114 1926 1215 2003 Nam,
1237 1929 1275 1988 ut
1294 1926 1525 2004 Daetalensee,
1545 1928 1594 1988 sic
1612 1932 1646 1988 et
1663 1927 1858 2002 Babylonios

634 2040 781 2101 tabulam
815 2045 915 2115 poeta
949 2041 1084 2100 tradidit
1120 2039 1311 2102 Callistrato
1346 2041 1514 2117 histrioni,
1546 2043 1602 2116 qui
1635 2057 1696 2102 suo
1729 2042 1858 2101 nomine

635 2169 708 2214 eam
732 2153 944 2227 magistratui
967 2153 1099 2214 offerret
1119 2156 1355 2230 acceptamque
1375 2158 1506 2215 curaret
1517 2170 1636 2216 scenae
1656 2155 1859 2215 committen-

634 2270 722 2330 dam.
753 2269 867 2341 Itaquo
901 2283 988 2329 anno
1023 2269 1189 2344 proximo,
1225 2284 1302 2329 cum
1337 2267 1490 2330 absoluto
1521 2269 1705 2330 certamine
1733 2268 1859 2345 poetico

636 2383 819 2456 praemium
850 2382 1031 2442 secundum
1064 2382 1192 2456 publice
1217 2382 1380 2443 tributum
1403 2385 1494 2444 esset
1517 2382 1773 2443 Daetalensibus
1795 2379 1859 2441 cal·

636 2495 760 2556 listrati
788 2494 931 2570 fabulae,
964 2510 1022 2570 per
1052 2499 1198 2556 ceteram
1225 2496 1317 2557 illius
1340 2496 1405 2558 diei
1426 2500 1554 2572 partem
1580 2497 1705 2557 clarum
1729 2497 1859 2571 poetam

637 2609 690 2668 hic
714 2607 846 2669 credere
869 2624 905 2668 se
928 2609 1046 2684 potuit.
1070 2607 1129 2669 Die
1153 2624 1231 2670 vero
1254 2610 1420 2686 sequenti,
1445 2625 1521 2670 cum
1541 2611 1633 2701 edita(
1648 2608 1861 2670 Daetalenses

636 2722 870 2798 Aristophanis
898 2721 1010 2782 rabula
1039 2723 1072 2782 in
1103 2722 1286 2783 multorum
1316 2722 1472 2784 manibus
1500 2723 1689 2784 versaretur
1719 2724 1753 2782 et
1776 2719 1860 2796 apud

637 2835 831 2911 bibliopolas
861 2837 1039 2911 prostaret,
1070 2835 1180 2896 brevis
1211 2835 1270 2896 illa
1298 2835 1436 2911 gloriola
1465 2835 1498 2895 in
1526 2849 1625 2896 auras
1646 2838 1699 2896 est
1720 2834 1860 2910 dilapsa,

635 2964 740 3022 neque
770 2947 950 3009 Callistrati
980 2949 1037 3009 sed
1068 2949 1301 3024 Aristophanis
1331 2964 1452 3009 nomen
1475 2949 1639 3009 inclaruit.
1663 2949 1717 3008 Sic
1738 2949 1861 3009 Aristo

635 3060 755 3135 phanis
777 3076 865 3123 nunc
888 3062 1057 3137 Babylonii
1081 3065 1168 3124 inter
1190 3064 1281 3124 cives
1302 3061 1417 3124 sedulo
1439 3062 1591 3123 lectitata
1613 3065 1665 3123 est
1681 3061 1807 3138 fabula,
1830 3065 1862 3122 et
1962 3038 1963 3055 ἶ

637 3177 744 3250 magis
770 3177 872 3237 etiam
896 3177 1009 3238 sedulo
1032 3177 1242 3238 sermonibus
1266 3177 1408 3251 agitata;
1432 3177 1469 3237 at
1491 3177 1629 3236 vocatus
1651 3175 1684 3234 in
1708 3177 1860 3235 senatum

636 3293 688 3350 est
717 3288 940 3366 Callistratus,
973 3291 1091 3366 quippe
1122 3290 1217 3351 cuius
1247 3289 1382 3350 nomine
1410 3290 1443 3349 in
1474 3288 1626 3349 ludorum
1656 3287 1862 3363 publicorum

636 3403 819 3465 certamine
842 3405 970 3478 poetico
992 3405 1104 3465 iabula
1126 3403 1184 3465 illa
1203 3406 1293 3465 esset
1309 3405 1394 3464 acta.
1413 3401 1472 3463 Oui
1491 3405 1624 3478 propter
1642 3417 1726 3476 opus
1745 3415 1863 3462 scenae

637 3518 869 3592 commissum,
889 3518 973 3591 quod
986 3518 1109 3579 archon
1125 3519 1293 3578 sententia
1310 3532 1372 3578 sua
1389 3515 1575 3593 probasset,
1589 3547 1631 3559 —
1641 3515 1676 3575 in
1697 3517 1865 3576 certamen

638 3632 726 3691 enim
760 3631 953 3706 admiserat,
987 3665 1027 3674 —
1061 3630 1167 3691 multa
1196 3630 1297 3691 indici
1330 3629 1437 3690 aliave
1471 3643 1577 3704 poena
1608 3629 1749 3703 irrogari
1782 3630 1865 3688 satis

638 3749 713 3819 apte
737 3760 801 3806 non
825 3747 970 3820 poterat;
994 3745 1051 3805 sed
1075 3745 1224 3819 graviter
1246 3748 1298 3804 est
1321 3745 1540 3820 vituperatus,
1565 3745 1598 3803 et
1620 3745 1795 3817 postquam
1819 3745 1867 3803 ita

639 3860 676 3917 ut
690 3859 820 3933 poterat
839 3857 935 3932 culpa
953 3873 989 3918 se
1008 3858 1174 3934 purgavit,
1196 3858 1386 3919 admonitus
1405 3871 1447 3916 ne
1465 3855 1543 3930 quid
1555 3855 1718 3917 eiusmodi
1729 3857 1867 3931 posthac

638 3973 671 4032 in
690 3987 726 4031 se
745 3971 950 4046 admitteret,
970 3971 1106 4031 domum
1125 3970 1223 4030 rediit
1242 3971 1354 4031 animo
1372 3969 1541 4043 aliquanto
1559 3983 1659 4042 quam
1679 3985 1745 4043 quo
1765 3985 1868 4045 nuper

639 4085 746 4144 iuerat
768 4083 971 4145 demissiore.
1750 4067 1755 4075 ’
1962 4150 1963 4157 χ

684 4199 779 4258 Anno
809 4197 961 4270 sequenti
991 4198 1073 4258 haec
1098 4197 1339 4271 Aristophanes
1363 4194 1393 4256 ei
1416 4195 1532 4255 tribuit
1554 4194 1669 4269 verba,
1694 4196 1815 4269 quibus
1838 4196 1869 4253 id
1962 4176 1963 4225 ³

641 4313 727 4387 quod
752 4326 927 4388 perpessus
950 4315 1022 4371 erat
1044 4311 1211 4371 enarravit
1232 4309 1491 4383 spectatoribus:

822 4537 949 4613 ,Quam
972 4535 1060 4597 male
1083 4552 1144 4611 ego
1166 4537 1230 4596 sim
1255 4536 1423 4596 mulcatus
1445 4549 1533 4596 anno
1556 4534 1725 4610 proximo,

821 4651 951 4728 ,Etiam
976 4650 1142 4712 recordor!
1167 4650 1404 4712 immerentem
1429 4652 1502 4709 tum
1525 4648 1626 4709 Cleon

822 4765 960 4841 ,Traxit
979 4779 1033 4824 me
1057 4765 1090 4824 in
1114 4765 1255 4840 curiam,
1280 4762 1471 4839 insultavit,
1495 4763 1606 4824 obruit

824 4879 990 4953 ,Linguae
1012 4875 1180 4952 malignae
1203 4877 1341 4937 flumine
1362 4877 1607 4953 impurissimo,

825 4991 1012 5066 ,vastoque
1035 4991 1129 5050 hiatu
1153 4991 1329 5050 criminum
1352 5003 1513 5051 evomens
1535 4989 1649 5064 globos
