4375 6284
747 979 827 1023 vrrs
849 979 889 1023 111
911 978 1080 1023 ornamus.
1464 965 1528 1024 109

314 1164 380 1210 cum
408 1149 465 1210 illo
495 1150 636 1226 aufugit.
668 1151 834 1211 Reversus
857 1165 937 1211 mox
968 1149 1065 1211 lictor
1088 1164 1229 1210 vacuam
1253 1150 1376 1224 reperit
1400 1165 1529 1228 assem,

314 1265 342 1322 et
362 1263 480 1323 chorus
503 1263 682 1324 mulierum
713 1264 794 1326 illuc
816 1279 893 1325 eum
915 1264 1022 1324 mittit
1044 1263 1085 1323 ad
1109 1263 1268 1338 fugitivos
1292 1264 1529 1341 corripiendos,

314 1392 369 1450 quo
390 1392 453 1438 nou
477 1377 642 1438 abierunt.
665 1377 814 1439 Tandem
831 1377 1003 1454 Euripides
1025 1377 1260 1452 pervenitque
1279 1377 1422 1440 volebat.
1442 1377 1530 1440 Vicit

315 1492 374 1550 rim
395 1506 491 1551 mens
515 1495 651 1551 versuta
672 1493 706 1552 et
729 1491 896 1567 pertinax.

349 1718 506 1793 Lepidum
540 1719 628 1780 hunc
661 1720 791 1780 exitum
825 1719 925 1780 babet
958 1718 1070 1780 fabula
1103 1719 1310 1795 lepidissima
1344 1722 1378 1781 11
1408 1720 1532 1795 optime

314 1833 511 1909 concinnata,
553 1833 636 1894 iocis
677 1833 847 1894 abundans
888 1834 974 1895 mira
1014 1833 1175 1895 facilitate
1216 1835 1352 1896 conexis
1393 1836 1427 1895 et
1466 1833 1532 1895 levi

314 1963 401 2008 cursu
441 1949 482 2009 ad
515 1946 616 2010 finem
650 1947 915 2024 properantibus,
950 1948 1076 2009 summi
1110 1949 1143 2008 in
1178 1950 1248 2010 arte
1287 1948 1422 2010 celanda
1456 1949 1531 2009 arti·

314 2061 376 2123 ficis
397 2077 491 2139 opus.

350 2178 418 2238 Non
450 2177 540 2238 enim
571 2181 642 2237 tam
672 2177 866 2238 innocentes
888 2179 989 2251 atque
1012 2177 1174 2253 benignae
1196 2179 1274 2238 sunt
1296 2177 1435 2238 facetiae
1456 2177 1532 2239 11111

315 2306 403 2363 quam
428 2291 591 2365 videntur,
614 2292 672 2353 sed
692 2292 767 2368 plus
786 2291 909 2354 habent
926 2292 962 2362 in
979 2293 1055 2353 sinu
1066 2307 1167 2366 quam
1179 2292 1356 2353 ostendant
1367 2293 1401 2353 in
1413 2293 1531 2354 fronte.

315 2405 478 2467 Mulierum
500 2421 577 2467 osor
598 2406 771 2482 Euripides
793 2421 858 2468 non
882 2406 1003 2468 dicitur
1026 2407 1129 2467 serio:
1152 2405 1239 2468 serio
1263 2408 1376 2469 tamen
1399 2407 1533 2482 petitur.

315 2518 387 2579 llam
416 2521 548 2595 poetam
580 2520 757 2597 tragicum,
781 2536 882 2595 quem
904 2523 1129 2597 spectatorum
1154 2521 1324 2582 cachinnis
1346 2520 1535 2581 immodicis

314 2633 544 2708 explodendum
576 2634 726 2695 exhibuit
757 2635 1013 2711 Aristophanes,
1044 2650 1111 2696 non
1140 2636 1212 2696 ioco
1240 2637 1372 2695 tantum
1402 2635 1535 2696 vocavit

313 2751 493 2822 versutum,
528 2747 696 2825 fallacem,
731 2747 946 2810 artificiorum
981 2748 1244 2809 meretriciorum
1278 2748 1534 2825 peritissimum,

314 2863 363 2922 sed
385 2861 532 2924 moribus
554 2862 695 2938 publicis
713 2878 830 2924 revera
843 2863 1082 2924 taminfestum
1095 2862 1235 2923 ducebat
1247 2878 1348 2937 quam
1361 2863 1532 2924 Socratem

312 2991 404 3038 11111
428 2977 550 3038 civium
575 2977 691 3039 menti.

350 3090 465 3152 lteliue
502 3106 602 3165 quarn
638 3107 713 3152 oum
748 3090 914 3168 Euripide,
950 3091 1062 3167 agitur
1096 3106 1171 3151 cum
1206 3089 1415 3166 mulieribus,
1451 3105 1533 3164 quas

311 3218 438 3267 causam
458 3220 555 3266 suam
576 3206 793 3267 festivissime
812 3208 946 3267 orantes
964 3206 1042 3267 fecit
1059 3205 1216 3266 comicus.
1236 3203 1360 3265 Fabula
1375 3205 1532 3265 nimirum

311 3321 449 3394 vetusta,
485 3334 570 3392 quae
603 3323 676 3380 erat
709 3319 749 3380 de
779 3319 930 3381 Pandora
956 3319 1027 3379 sive
1050 3319 1141 3379 alma
1167 3320 1277 3380 torrae
1307 3319 1383 3395 dea,
1407 3320 1533 3380 sensim

312 3434 436 3493 mutata
464 3432 653 3507 iterumque
683 3434 814 3494 mutata
843 3447 882 3494 eo
905 3432 1044 3507 denique
1067 3431 1207 3509 abierat,
1232 3435 1271 3493 ut
1287 3432 1394 3508 prima
1416 3433 1535 3494 mulier

310 3545 440 3623 abrepta
462 3546 575 3608 studio
597 3548 712 3621 ignota
734 3546 996 3623 deprehendendi
1018 3545 1143 3607 morbis
1162 3545 1326 3619 malisque
1344 3546 1384 3606 ad
1396 3547 1535 3608 miseros

309 3661 465 3722 mortales
510 3659 640 3720 aditum
685 3660 880 3737 patefecisse
926 3661 1123 3736 crederetur,
1169 3662 1203 3721 et
1244 3660 1377 3736 plurimi
1418 3664 1534 3736 poetae

312 3789 347 3846 ,a
367 3773 504 3835 feminis
527 3774 655 3834 malum
679 3774 812 3835 ortum”
836 3775 1034 3836 cecinerant.
1059 3773 1148 3848 Quae
1171 3789 1271 3848 quam
1290 3773 1408 3850 stulta,
1433 3789 1534 3848 quam

308 3887 415 3962 iniqua
446 3889 494 3949 111
523 3888 693 3949 sententia
717 3887 950 3949 demonstrant
970 3887 1130 3949 mulieres
1151 3888 1184 3947 in
1208 3887 1375 3949 Bonarum
1398 3888 1533 3949 dearum

308 4002 426 4078 templo
455 4004 687 4079 congregatae.
718 4004 766 4076 ,A
789 4003 909 4076 quovis
931 4001 1136 4078 culpamur’‘,
1160 4002 1265 4063 11111
1288 4002 1463 4064 1111111111
1487 4003 1535 4062 111

306 4115 392 4177 chori
415 4117 488 4178 dux
510 4116 553 4177 ad
576 4117 782 4191 spectatores
806 4131 985 4177 conversa:
1012 4131 1124 4190 ,mera
1147 4115 1405 4192 maledicimur,
1424 4116 1534 4177 luctus

307 4233 357 4302 ,et
384 4230 630 4293 discordiarum
655 4232 689 4290 et
713 4229 873 4291 bellorum
897 4244 999 4290 causa
1021 4231 1057 4290 11
1075 4229 1153 4304 quid
1175 4232 1257 4291 non!
1282 4230 1327 4290 At
1349 4232 1482 4291 tantum
1504 4231 1534 4290 11

306 4344 451 4416 ,11111111
486 4360 620 4419 sumus,
652 4359 710 4405 cur
740 4359 863 4406 uxores
893 4344 1071 4405 ducimur?
1094 4343 1160 4406 Cur
1182 4345 1337 4405 vetamur
1354 4344 1443 4406 foras
1465 4360 1534 4421 pro·

307 4457 414 4529 ,diret
445 4459 566 4520 Mulier
597 4474 673 4520 cum
703 4458 813 4534 abest,
837 4459 993 4520 irascitur
1016 4460 1175 4520 maritus:
1199 4460 1280 4534 quin
1302 4459 1423 4536 gaudet
1445 4460 1534 4521 malo

306 4571 377 4642 ,illo
399 4573 640 4648 aliquantisper
659 4574 813 4634 remoto?
835 4573 861 4632 E
884 4573 1031 4635 fenestra
1053 4575 1329 4650 prospectemus?
1350 4573 1535 4649 suspiciunt

306 4702 455 4762 ‚omnes;
477 4687 602 4762 pudore
612 4687 758 4748 suffusae
778 4702 853 4749 cum
873 4688 1076 4764 recedimus,
1096 4688 1145 4748 illi
1164 4690 1342 4763 expectant
1354 4688 1533 4750 anmalum

306 4799 399 4873 ,illud
434 4801 541 4863 etiam
576 4801 621 4862 sit
653 4799 871 4877 proditurum.
902 4801 1027 4876 Nempe
1056 4802 1164 4862 multo
1193 4801 1298 4877 pluris
1327 4815 1388 4863 nos
1417 4815 1534 4862 sumus

307 4929 419 4987 „quam
456 4914 518 4988 qui
549 4918 620 4975 tam
649 4914 789 4989 superbe
818 4915 853 4975 in
884 4928 945 4975 nos
974 4913 1172 4976 invehimini
1202 4914 1282 4989 viri;
1306 4912 1404 4990 probe
1427 4915 1534 4976 nostis
1582 4987 1584 4996 Α

306 5028 395 5106 ,ipsi,
421 5029 509 5091 11111
530 5028 712 5105 praefracte
735 5028 915 5104 denegetis.
938 5027 1005 5089 Res
1026 5028 1100 5090 luce
1123 5028 1274 5090 clarior.”
