4375 6284
733 976 811 1020 vrrs
831 975 871 1020 su
894 973 1063 1020 ornamus.
1460 957 1504 1016 49

298 1167 450 1226 novosque
480 1165 612 1225 semper
641 1148 821 1225 discipulos
851 1147 1059 1223 aucupantis.
1084 1147 1168 1207 Nam
1192 1146 1382 1208 istiusmodi
1405 1147 1506 1208 bomi-

298 1283 346 1328 nes
375 1281 452 1329 cum
488 1267 527 1326 de
562 1265 731 1325 doctrinae
765 1262 1012 1338 sapientiaeque
1051 1263 1162 1322 studio
1197 1276 1278 1322 voce
1312 1261 1510 1335 grandisona

298 1383 464 1456 disserunt,
488 1379 522 1440 id
544 1395 649 1440 unum
673 1380 777 1453 agunt
798 1379 836 1438 ut
854 1393 925 1438 rem
944 1377 1084 1438 iaciant:
1110 1377 1303 1453 disciplinas
1321 1377 1508 1451 loquuntur,

298 1509 440 1556 nummos
469 1493 627 1568 cogitant.
659 1492 809 1552 Socrates
839 1506 919 1552 sane
949 1493 1054 1566 gratis
1085 1492 1200 1552 docere
1230 1492 1333 1551 fertur
1363 1491 1510 1564 nihilque

297 1625 396 1669 curare
431 1607 622 1683 pecuniam,
657 1606 713 1667 sed
749 1605 781 1666 id
813 1621 887 1666 esse
919 1605 1025 1680 ipsius
1056 1605 1284 1679 mendacium,
1320 1621 1419 1665 nemo
1454 1605 1509 1678 qui

294 1724 391 1797 sapiat
413 1737 479 1783 nou
503 1719 684 1794 inteliegit;
716 1733 781 1780 non
806 1719 894 1779 euim
919 1720 1022 1780 animi
1045 1735 1147 1781 causa
1169 1719 1348 1780 molestum
1373 1720 1511 1779 iuvenes

296 1836 453 1897 erudiendi
484 1833 630 1896 officium
659 1835 693 1894 111
724 1849 760 1894 se
790 1834 953 1910 recipiunt
984 1833 1147 1895 homines.
1180 1833 1303 1909 Quibus
1334 1838 1447 1893 autem
1471 1833 1510 1892 de

294 1949 492 2024 argumentis
522 1948 691 2024 disputare
720 1947 842 2020 soleat,
874 1961 979 2020 neque
1007 1949 1160 2008 accurate
1183 1948 1388 2022 compertum
1412 1946 1512 2007 habet

295 2066 381 2136 poeta
404 2063 566 2143 comicus,
589 2076 694 2136 neque
714 2061 798 2122 scire
818 2063 925 2136 curat,
950 2075 1016 2121 non
1037 2061 1276 2122 commissurus
1296 2062 1454 2122 nimirum
1474 2063 1512 2120 ut

293 2178 322 2236 111
351 2177 491 2238 hilaram
522 2191 618 2236 suam
648 2177 755 2236 artem
787 2190 829 2235 ex
859 2174 937 2234 simi
968 2176 1141 2250 nugatoria
1171 2175 1270 2236 aridis
1300 2177 1512 2237 sermonibus

294 2291 420 2352 verbula
450 2290 562 2364 aliqua
595 2289 732 2364 recipiat
762 2288 963 2364 imprudens.
995 2288 1163 2350 Incertum
1195 2293 1309 2351 tamen
1341 2306 1416 2351 esse
1446 2306 1511 2352 nou

292 2407 395 2480 potest
421 2403 533 2478 qualia
560 2417 636 2463 cum
666 2401 835 2462 sutoribus
864 2403 897 2462 et
928 2402 1110 2463 sartoribus
1140 2403 1211 2463 suis
1242 2403 1363 2478 agitet:
1397 2405 1510 2467 eodem

292 2519 375 2578 eninr
397 2531 529 2591 semper
552 2515 691 2576 redeunt
713 2515 791 2591 ista,
816 2515 887 2576 sive
912 2515 1050 2589 Gorgias
1073 2516 1207 2577 auditur
1226 2517 1298 2577 sive
1317 2518 1512 2593 Thrasyma-

292 2631 380 2706 cirus,
401 2631 473 2692 sive
490 2629 647 2691 Prodicus
662 2629 827 2690 declamat
843 2630 915 2689 sive
932 2629 1097 2705 Socrates,
1117 2631 1234 2707 quippe
1246 2632 1302 2704 qui
1314 2634 1514 2694 staminibus

291 2744 405 2805 iisdem
441 2742 653 2804 verbulorum
684 2741 875 2804 subtemina
906 2743 1055 2803 inserant
1085 2758 1212 2805 omnes.
1243 2744 1365 2806 Rerum
1396 2761 1515 2807 causas

291 2860 464 2934 quaerunt,
494 2871 574 2918 vera
603 2871 623 2917 a
649 2855 744 2917 falsis
772 2855 935 2930 quomodo
959 2856 1204 2934 dignoscantur,
1228 2874 1248 2918 a
1271 2873 1381 2920 rerum
1405 2860 1514 2935 specie

289 2987 388 3046 quarn
417 2986 536 3032 sensus
566 2970 726 3046 praebent
754 2969 916 3044 quomodo
947 2970 1134 3045 discrepent
1160 2971 1252 3047 ipsae
1273 2987 1341 3046 res,
1366 2988 1513 3047 quaeque

288 3085 382 3160 plura
414 3085 455 3146 ad
486 3083 705 3144 hebetandam
737 3084 860 3158 ingenii
886 3084 991 3146 aciem
1016 3088 1192 3146 moverunt
1223 3087 1383 3147 mortales
1410 3089 1514 3150 otiose

288 3198 452 3273 loquaces.
484 3198 610 3259 Viridis
635 3213 693 3258 cur
716 3199 784 3259 sint
807 3198 899 3274 ioiia,
924 3199 1114 3260 caeruleum
1137 3202 1247 3261 autem
1273 3201 1401 3262 caelum
1425 3217 1514 3277 aper-

287 3316 373 3390 tum,
408 3312 479 3374 soie
510 3312 597 3373 cutis
628 3327 685 3372 cnr
709 3311 867 3388 calescat,
899 3312 1011 3389 pluvia
1034 3328 1092 3374 cur
1116 3314 1299 3389 madescat,
1324 3315 1445 3376 eruditi
1468 3316 1516 3376 iili

289 3426 348 3487 viri
384 3429 464 3502 quin
499 3424 712 3503 probabiliter
745 3426 924 3486 admodum
959 3427 1190 3489 demonstrare
1219 3430 1350 3505 possint
1378 3430 1516 3491 minime

287 3543 421 3603 videtur
449 3542 600 3617 dubium,
632 3541 689 3602 sed
719 3542 851 3602 iuvenis
881 3541 964 3602 bene
994 3541 1111 3602 veiens
1142 3544 1327 3619 elvigeus,
1353 3543 1517 3605 culveris

285 3655 406 3717 afilani
436 3671 549 3731 aurae,
581 3656 689 3732 ipsam
711 3656 820 3716 iucem
845 3658 878 3716 et
901 3658 1021 3716 cantus
1045 3657 1160 3716 avium
1185 3656 1368 3729 florumque
1392 3657 1517 3718 colores

286 3769 394 3842 pluris
425 3769 504 3830 iacit
534 3783 632 3844 quam
657 3769 830 3828 hominum
854 3783 977 3830 vesane
1001 3769 1174 3829 doctorum
1198 3769 1309 3829 studia
1331 3771 1365 3829 in
1388 3769 1516 3830 umbra·

285 3883 370 3944 culis
404 3897 523 3944 causas
552 3897 662 3942 rerum
693 3881 978 3956 investigantium.
1007 3880 1151 3956 Quorum
1175 3881 1205 3941 si
1228 3881 1363 3942 inutiles
1385 3884 1516 3943 tantum

286 3999 405 4057 essent
427 4011 547 4072 nugae,
572 3996 695 4057 missos
716 3995 823 4056 iacere
841 3997 995 4070 poterant
1015 3995 1069 4069 qui
1089 3995 1233 4057 sanioris
1253 3998 1365 4056 essent
1378 3998 1517 4073 mentis;

284 4112 342 4171 sed
364 4110 582 4185 quaeritando
602 4112 636 4169 et
658 4109 854 4184 disputando
879 4110 1031 4170 Socrates
1055 4110 1173 4183 quique
1197 4111 1269 4170 eius
1292 4112 1371 4171 sunt
1391 4112 1519 4172 similes

285 4226 359 4301 ipsa
391 4226 484 4286 vitae
512 4225 679 4285 humanae
702 4223 922 4284 fundamenta
945 4223 1131 4299 percellunt
1152 4228 1186 4284 et
1210 4224 1413 4301 convellunt,
1439 4227 1520 4286 nihii

285 4341 459 4401 intactum
489 4337 726 4411 relinquentes,
756 4335 839 4397 1111111
863 4352 929 4397 non
953 4340 1144 4412 moventes,
1168 4337 1251 4398 1111111
1274 4339 1401 4413 praeter
1423 4355 1519 4400 suam

284 4453 444 4528 ipsorum
472 4453 623 4513 mentem
654 4450 800 4511 reveriti.
826 4451 870 4510 At
893 4451 1034 4512 numina
1057 4465 1115 4511 cur
1140 4450 1278 4512 colenda
1301 4451 1385 4528 sint,
1410 4451 1523 4514 liberis

285 4581 345 4626 cur
378 4569 539 4642 parentes
565 4565 632 4625 sint
656 4564 808 4640 amandi,
832 4563 936 4624 iurari
960 4579 1017 4624 cur
1039 4578 1105 4624 non
1129 4564 1174 4624 sit
1197 4563 1323 4625 licitum
1348 4564 1403 4625 nbi
1427 4580 1521 4639 quae·

283 4683 366 4740 runt
400 4678 578 4752 mortales,
610 4692 716 4751 neque
746 4678 831 4736 satis
863 4679 955 4737 certa
982 4675 1137 4738 videniur
1166 4677 1247 4737 talia
1276 4677 1341 4738 nisi
1363 4681 1435 4739 arte
1459 4679 1523 4739 dia·

284 4791 413 4854 lectica
436 4791 611 4865 allatisque
634 4791 840 4864 argumentis
863 4789 1084 4851 demonstrari
1109 4790 1253 4865 possint,
1279 4789 1323 4849 ibi
1343 4792 1522 4854 verendum

285 4909 338 4966 est
372 4921 421 4966 ne
451 4919 530 4965 mox
563 4920 580 4964 e
612 4904 750 4962 civitate
782 4903 952 4963 bominum
978 4903 1058 4963 adeo
1083 4903 1277 4964 callidorum
1302 4910 1401 4977 atque
1424 4905 1524 4965 diser-

286 5024 405 5080 torum
443 5017 638 5078 contemtim
675 5015 852 5089 abigantur
886 5015 967 5076 tides
1003 5016 1136 5077 iustitia
1169 5017 1287 5092 pietas.
1323 5016 1414 5077 'lunc
1443 5019 1526 5092 proli
1561 5030 1564 5035 ’

369 5123 428 5167 Aa.
1405 5123 1418 5165 i
