4375 6284
662 928 704 987 56
1178 944 1220 987 na
1242 942 1368 987 aornar

659 1117 731 1175 erat
753 1115 879 1188 poetae.
904 1112 965 1188 Qui
987 1115 1019 1173 in
1040 1115 1176 1175 Socrate
1194 1115 1378 1174 insectatus
1397 1117 1469 1175 erat
1491 1115 1676 1189 perniciosa
1696 1113 1866 1187 aequalium

660 1227 783 1301 studia,
805 1227 958 1300 quicquid
977 1227 1079 1287 fallax
1100 1227 1241 1287 eruditio
1261 1230 1295 1287 et
1314 1227 1401 1288 male
1419 1243 1503 1289 sana
1521 1227 1686 1302 sapientia
1703 1227 1870 1302 proferrent
1964 1257 1966 1274 ι

661 1339 775 1415 cupide
805 1339 1046 1415 arripientium.
1070 1339 1257 1399 Iuventutis
1276 1341 1446 1414 corruptor
1470 1339 1526 1402 ille
1545 1340 1681 1416 impius,
1701 1338 1868 1415 improbus,
1963 1312 1967 1333 '

662 1453 745 1513 nihil
764 1468 829 1514 non
849 1451 1059 1527 addubitans,
1079 1467 1177 1526 quem
1197 1452 1232 1511 in
1243 1452 1453 1526 proscenium
1466 1453 1623 1526 produxit
1632 1453 1870 1527 Aristophanes,

662 1565 793 1626 nonnisi
823 1565 922 1624 unius
945 1565 1007 1625 viri
1030 1564 1149 1625 laniem
1173 1578 1289 1639 gerere
1311 1566 1457 1640 poterat,
1480 1580 1564 1639 quae
1586 1569 1699 1627 autem
1722 1570 1791 1627 tam
1812 1564 1873 1624 orat

663 1683 741 1754 apta
759 1681 800 1740 ad
819 1680 924 1739 risum
945 1679 1146 1739 movendum
1165 1693 1265 1751 quam
1285 1678 1446 1755 Socratis,
1466 1695 1547 1741 naso
1567 1681 1684 1743 obtuso
1701 1681 1873 1752 crassisque

662 1792 759 1852 labiis
789 1791 899 1852 Sileno
930 1791 1114 1864 simillimi;
1145 1790 1204 1851 sed
1235 1791 1380 1852 Socratis
1409 1807 1532 1852 nomen
1557 1794 1613 1854 isti
1636 1794 1761 1854 homini
1783 1791 1873 1854 nihilo

662 1907 786 1965 maiore
816 1907 886 1966 iure
918 1905 987 1965 dari
1017 1905 1125 1979 potuit
1148 1919 1248 1978 quam
1272 1904 1514 1979 Thrasymachi
1537 1906 1590 1967 rel
1612 1907 1809 1982 Protagorae
1830 1902 1874 1962 vel

662 2017 790 2078 Prodici
820 2017 946 2077 aliusve
976 2017 1144 2092 sophistae
1174 2017 1362 2078 cuiuslibet.
1387 2018 1439 2079 Sic
1462 2019 1576 2080 fabula
1600 2053 1640 2065 —
1664 2020 1766 2081 altius
1788 2031 1874 2092 quam

662 2133 858 2206 personatus
880 2130 937 2191 ille
959 2130 1113 2190 Socrates
1135 2132 1169 2190 in
1194 2130 1351 2190 machina
1372 2146 1434 2191 sua
1456 2132 1576 2206 pensili
1595 2166 1636 2178 —
1657 2148 1759 2209 supra
1775 2143 1875 2192 rerum

662 2244 930 2318 quotidianarum
953 2243 1201 2304 vicissitudines
1224 2244 1379 2304 fortuitas
1406 2245 1545 2306 emersit
1566 2246 1600 2307 in
1623 2248 1705 2308 artis
1726 2245 1877 2320 genuinae

663 2358 776 2418 orbem
810 2357 923 2432 illum,
954 2353 1009 2417 ubi
1039 2354 1204 2431 longaeva
1233 2358 1413 2431 gignuntur
1446 2372 1558 2436 opera,
1590 2361 1624 2419 ot
1653 2360 1878 2421 hodiernorum

664 2471 836 2531 hominum
871 2470 975 2530 vitam
1010 2472 1109 2542 atque
1143 2484 1255 2530 mores
1285 2484 1349 2530 non
1381 2472 1493 2532 minus
1523 2473 1611 2533 recte
1641 2486 1741 2545 quam
1772 2483 1878 2532 eorum

663 2586 781 2660 quihus
811 2585 934 2659 scripta
960 2586 1012 2644 est
1042 2597 1118 2644 eam
1152 2584 1260 2658 ipsam
1290 2585 1331 2645 oh
1363 2599 1497 2646 causam
1529 2586 1645 2662 refert,
1675 2587 1760 2660 quod
1791 2586 1880 2662 poeta

663 2699 810 2760 studium
842 2697 963 2757 servile
989 2697 1143 2770 aequales
1166 2713 1208 2758 ex
1232 2711 1310 2757 vero
1333 2698 1495 2758 referendi
1518 2700 1570 2759 est
1593 2702 1809 2774 aspernatus;
1831 2694 1880 2756 sed

665 2814 826 2873 virtutum
847 2825 931 2884 quas
950 2809 1062 2871 rabula
1082 2811 1182 2870 hahet
1200 2811 1369 2871 maximae
1388 2812 1437 2870 sic
1456 2825 1476 2871 a
1494 2810 1660 2886 plerisque
1677 2813 1765 2873 inter
1782 2813 1880 2882 cives,

663 2927 718 3000 qui
743 2927 823 2986 tunc
842 2939 918 2985 cum
939 2924 1081 2998 primum
1102 2924 1181 2985 data
1198 2927 1252 2985 est
1269 2925 1302 2984 iu
1322 2925 1454 2985 theatro
1474 2925 1683 3000 assederunt,
1705 2940 1765 2986 suo
1782 2923 1882 3002 pretio

663 3037 835 3100 aestimari
857 3052 923 3098 nou
946 3040 1135 3112 potuerunt.

708 3154 822 3226 Itaque
857 3152 995 3212 tertium
1030 3151 1216 3226 praemium
1251 3150 1399 3213 Nubibus
1431 3150 1565 3212 rabulae
1598 3155 1649 3213 est
1683 3168 1882 3215 concessum.

637 3268 817 3348 ¹(hettinus
846 3280 964 3342 senex,
996 3279 1095 3339 quem
1126 3280 1214 3325 anno
1248 3265 1402 3338 proximo
1432 3267 1587 3339 proterve
1616 3265 1737 3326 riserat
1766 3267 1885 3327 Aristo

663 3381 804 3457 phanes,
836 3382 949 3456 utpote
980 3378 1182 3453 decrepitum
1214 3377 1367 3451 elfetique
1393 3379 1517 3452 ingenii
1539 3378 1762 3455 silicernium,
1786 3383 1818 3442 ei
1839 3381 1883 3440 est

664 3495 844 3571 praelatus,
876 3507 936 3553 nec
966 3506 1031 3553 non
1061 3492 1230 3568 Amipsias
1260 3491 1364 3552 multo
1394 3491 1568 3552 deterioris
1597 3496 1695 3553 notae
1717 3497 1827 3569 poeta.
1849 3493 1885 3552 llt
1971 3522 1972 3571 l

663 3612 776 3669 tamen
811 3622 853 3667 ex
887 3607 1003 3667 eadem
1038 3605 1107 3666 lere
1137 3608 1235 3678 atque
1265 3599 1507 3682 Aristophanes
1537 3607 1676 3668 materie
1710 3608 1763 3668 hic
1793 3623 1883 3668 suam

663 3722 872 3783 desumserat
894 3719 1052 3780 rabulam.
1073 3719 1241 3779 secundas
1263 3718 1341 3778 tulit
1363 3732 1462 3792 quem
1485 3717 1610 3780 lecerat
1632 3721 1752 3781 chorus
1770 3743 1885 3799 φρονη-

664 3845 752 3912 prov,
771 3837 890 3896 tertias
910 3835 1031 3895 chorus
1051 3833 1194 3893 Nuhium
1214 3833 1362 3893 Socratis
1379 3833 1460 3893 illud
1471 3832 1705 3911 φροντιστήριον
1717 3837 1886 3896 tuitarum.

708 3952 762 4011 Sic
791 3951 889 4025 poeta
920 3947 1049 4008 iuvenis
1080 3963 1141 4008 suo
1172 3947 1295 4007 damno
1326 3946 1440 4007 didicit
1463 3946 1554 4022 vulgi
1585 3948 1658 4008 sive
1681 3947 1798 4010 laudes
1819 3950 1886 4008 sive

664 4063 925 4138 vituperationes
955 4077 1014 4122 suo
1045 4063 1152 4136 pretio
1182 4061 1370 4120 aestimare.
1402 4060 1485 4120 Nam
1509 4060 1645 4134 Equites
1667 4061 1813 4123 fabulam
1836 4061 1887 4135 qui

663 4177 767 4254 pluris
796 4177 953 4236 fecissent
976 4190 1076 4250 quam
1100 4175 1225 4249 Nuces,
1250 4190 1306 4236 eos
1329 4175 1368 4234 de
1394 4176 1478 4235 aruis
1501 4175 1656 4252 operibus
1679 4177 1729 4237 ita
1749 4177 1887 4238 iudicare

665 4296 701 4352 ut
738 4305 854 4352 caecos
892 4291 931 4350 de
971 4289 1151 4364 coloribus,
1185 4303 1285 4349 nemo
1324 4288 1444 4349 melius
1482 4289 1606 4350 sentire
1643 4292 1755 4366 potuit
1792 4303 1888 4365 quam

663 4407 771 4466 sensit
797 4405 879 4480 ipse.

705 4520 847 4580 Nuhium
877 4518 990 4579 fabula
1020 4517 1247 4593 Amipsiarum
1277 4516 1374 4591 nugis
1405 4514 1598 4590 posthabita
1627 4517 1764 4591 gravius
1790 4518 1889 4580 etiam

662 4637 778 4710 poetae
800 4635 954 4694 animum
978 4635 1066 4692 ussit
1088 4633 1219 4693 biennio
1241 4636 1334 4707 post;
1358 4634 1436 4692 tunc
1459 4632 1548 4693 enim
1573 4631 1645 4692 eius
1668 4631 1791 4693 Pacem
1814 4629 1891 4689 vicit

662 4748 786 4824 sabula,
819 4750 913 4809 cuius
945 4748 1106 4808 materies
1135 4748 1217 4806 item
1248 4747 1396 4808 Nubibus
1420 4749 1492 4806 erat
1515 4749 1671 4821 cognata:
1701 4746 1836 4823 Eupolis
1858 4744 1890 4802 in

663 4865 868 4926 orchestram
896 4865 1053 4940 produxit
1079 4864 1216 4923 chorum
1243 4863 1463 4924 Adulatorum
1489 4863 1564 4923 eive
1590 4860 1766 4922 hominum
1790 4859 1890 4922 erudi·

664 4983 788 5054 torum,
819 4979 942 5039 Galliae
969 4978 1101 5039 iuvenis
1124 4977 1284 5037 ditissimi
1307 4979 1341 5036 et
1364 4976 1448 5036 fatui
1471 4989 1649 5038 crumenae
1672 4974 1892 5042 inhiantium
