4375 6284
706 960 877 1006 τιοτοετι
900 961 942 1005 υτ
965 959 1141 1005 οοειοτοιι.
1475 946 1538 1005 201

326 1131 436 1194 θόντον
458 1130 492 1195 δέ
513 1142 574 1194 τῶν
595 1130 768 1213 ὑποκριτῶν
790 1132 866 1214 πρός
889 1131 1043 1213 ἀμφότερα
1065 1132 1195 1215 τὰμέρη
1215 1136 1386 1214 τούδήμου
1406 1132 1486 1215 δρῶν
1510 1132 1542 1195 ἐκ

326 1245 514 1327 τετραμέτρων
536 1242 640 1322 δεκαέξ
663 1247 780 1327 στίχους
803 1246 1010 1321 άναπαίστους
1033 1245 1212 1329 ἐφθέγγετο,
1235 1247 1286 1309 καλ
1304 1257 1391 1310 τοῦτο
1411 1246 1542 1309 ἐκαλεῖτο

326 1361 439 1439 στροφή·
466 1354 528 1422 εἶτα
558 1358 676 1441 ἐτέρους
703 1362 858 1435 τοιούτους
875 1358 897 1434 ¹)
922 1360 1086 1443 ἐφθέγγετο
1109 1361 1160 1423 καλ
1183 1360 1312 1425 ἐκαλεῖτο
1336 1361 1545 1441 ἀντίστροφος,

326 1474 393 1555 άπερ
410 1472 564 1554 ἀμφότερα
583 1474 616 1537 οί
630 1474 755 1538 παλαιοί
774 1474 924 1556 ἐπίρρημα
943 1474 1054 1558 έλεγον·
1074 1476 1129 1555 δλη
1144 1474 1178 1537 δέ
1192 1473 1375 1556 ἡπρόσοδος
1385 1486 1440 1538 τοῦ
1451 1486 1543 1557 χοροῦ

272 1604 294 1651 λλ
326 1587 447 1651 ἐκαλεῖτο
477 1590 657 1669 παράβασις.
688 1592 846 1671 συμβαίνοι
876 1588 915 1668 δι)
937 1589 970 1652 τό
994 1588 1145 1670 ἐπίρρημα
1167 1589 1254 1653 πίντε
1276 1592 1447 1671 σημαίνειν,
1469 1591 1544 1654 αύτό

327 1724 352 1763 τε
381 1702 414 1764 τδ
442 1703 555 1765 οίκεῖον
585 1705 811 1783 σημαινόμενον
844 1702 895 1765 καί
924 1702 979 1783 τὴν
1013 1704 1150 1784 στροφὴν
1181 1703 1232 1766 καλ
1263 1703 1463 1783 ἀντίστροφον
1494 1703 1545 1767 καί

327 1816 402 1900 ᾠδὴν
429 1815 481 1878 καί
510 1814 666 1904 άντροδύν,
696 1816 800 1896 ἐπειδι)
830 1814 851 1897 ν)
882 1814 937 1897 μέν
964 1816 1082 1897 στροφι)
1104 1817 1161 1897 την
1184 1817 1268 1904 ᾠδὴν
1291 1819 1445 1898 σημαίνει,
1466 1815 1487 1898 ν)
1511 1816 1544 1880 δέ

325 1927 514 2011 ἐπίστροφος
536 1929 593 2009 τὴν
615 1929 763 2017 άντωδην.

271 2181 294 2228 τι
367 2158 481 2242 γένοιτο
516 2154 545 2221 δ’
570 2156 609 2219 δν
639 2156 807 2238 σαφεστέρα
836 2154 856 2237 ἡ
883 2168 942 2219 τῶν
965 2158 1111 2220 τοιούτων
1134 2159 1313 2220 διδασκαλία
1335 2157 1394 2222 ὡδί
1417 2182 1489 2235 πως.
1513 2160 1546 2223 ἐν

328 2273 427 2358 ἐαρινῷ
456 2286 552 2360 καιρῷ
583 2273 758 2337 πολυτελέσι
780 2274 931 2347 δαπάναις
952 2274 1182 2347 κατεσκευάζετο
1204 2270 1224 2352 ι)
1248 2274 1345 2353 σκηνὴ
1369 2275 1548 2355 τριωρόφους

329 2388 552 2468 οἰκοδομήμασι,
585 2387 803 2467 πεποικιλμένη
836 2387 1087 2467 παραπετάσμασι
1117 2386 1168 2449 καλ
1197 2384 1325 2462 ὀθόναις
1353 2393 1473 2463 λευκαῖς
1496 2388 1547 2451 καί

329 2505 488 2583 μελαίναις,
517 2506 644 2586 βύρσαις
674 2525 705 2565 τε
734 2503 940 2584 παταγούσαις
970 2501 1021 2563 καί
1050 2502 1259 2589 χειροτινάκτω
1289 2503 1377 2582 πυρί,
1399 2500 1551 2585 όρύγμασί

329 2640 355 2679 τε
374 2618 540 2700 καταγείοις
571 2616 624 2680 καί
646 2617 806 2700 δπογαίοις
829 2615 881 2680 καλ
903 2616 1024 2679 ύδάτων
1048 2617 1227 2695 δεξαμεναΐς
1249 2617 1292 2690 είς
1314 2617 1411 2679 τύπον
1433 2615 1548 2676 θαλάσ-

329 2749 393 2811 σης,
412 2733 580 2812 ταρτάρου,
602 2733 695 2817 ᾅδου,
716 2741 874 2811 κεραυνῶν
897 2730 949 2792 καλ
972 2733 1123 2811 βροντῶν,
1152 2741 1207 2813 γῆς
1230 2731 1281 2793 καί
1304 2732 1453 2811 ούρανοῦ,
1475 2752 1548 2791 νυκ-

328 2845 373 2919 τός
393 2845 444 2908 καί
465 2843 593 2928 ἡμέρας,
615 2840 831 2927 δνακτόρωνέ)
853 2844 904 2906 καλ
926 2845 1049 2908 πάντων
1076 2843 1186 2920 ἁπλῶς·
1210 2846 1306 2920 αύλάς
1329 2868 1359 2907 τε
1381 2845 1419 2907 ού
1441 2841 1548 2923 μικρὰς

327 2952 398 3039 εἶχεν
419 2958 647 3042 ἐξειργασμένος
669 2959 721 3021 καί
743 2957 858 3038 άψῖδας
881 2960 923 3033 είς
946 2960 1043 3021 τύπον
1063 2958 1153 3022 δδῶν·
1173 2960 1225 3021 διὰ
1243 2956 1298 3039 μέν
1317 2951 1375 3021 ούν
1393 2958 1548 3040 ἀριστερᾶς

329 3070 432 3149 δψῖδος
461 3074 609 3156 ἐχώρουν,
638 3074 666 3135 εί
693 3071 735 3147 ὡς
758 3071 791 3135 ἐκ
813 3074 927 3146 πόλεως
949 3066 1029 3153 ἦσαν
1052 3071 1209 3147 ὁδεύοντες
1231 3072 1272 3147 ὡς
1294 3073 1369 3153 πρδς
1392 3069 1549 3154 άγρούςῆ

328 3187 375 3248 καλ
402 3187 533 3268 θέατρα,
561 3186 601 3249 δν
631 3184 664 3249 δέ
692 3186 769 3267 πρός
800 3188 890 3249 πόλιν
924 3185 964 3261 ὡς
995 3186 1027 3249 ἐκ
1057 3189 1196 3267 θεάτρων
1224 3185 1245 3268 ἢ
1275 3182 1325 3249 ἀπ’
1357 3185 1468 3267 άγροδ,
1498 3186 1549 3247 διὰ

328 3303 421 3377 δεξιᾶς
436 3299 471 3375 3).
493 3303 619 3381 τοιαύτη
641 3299 697 3380 ‘dv
721 3299 741 3382 τ)
764 3311 816 3381 τῆς
839 3312 954 3381 σκηνῆς
977 3300 1110 3383 ἐργασία.

370 3416 402 3477 τά
424 3415 554 3495 σκηνικδι
578 3412 607 3477 δ’
633 3411 682 3477 ἀπ’
708 3416 802 3495 αύτης
820 3417 993 3495 καλούμενα
1013 3417 1151 3497 δράματα
1170 3416 1221 3479 καί
1239 3426 1408 3498 πρακτικῶς
1427 3414 1549 3477 ἐτελεῖτο

323 3529 373 3591 καλ
398 3536 533 3612 λογικῶς·
557 3532 701 3603 σύστασις
725 3528 758 3591 δέ
780 3530 896 3592 τούτων
918 3529 1034 3611 ύπῆρχε
1057 3530 1092 3592 τδι
1114 3542 1175 3593 τῶν
1198 3531 1370 3612 ὑποκριτῶν
1392 3529 1549 3610 πρόσωπα.

324 3654 410 3707 ταῦτα
433 3642 466 3707 δέ
489 3651 551 3719 τοῖς
569 3642 624 3723 μέν
644 3650 795 3726 τραγικοῖς
814 3642 866 3706 καί
884 3651 1056 3725 σατυρικοῖς
1075 3644 1135 3705 άνδι
1154 3643 1257 3721 δεκαέξ
1273 3637 1366 3725 ἦσαν,
1384 3642 1401 3706 δ
1420 3643 1551 3723 κωμικός

324 3755 356 3819 δέ
383 3754 456 3840 εἶχεν
488 3760 583 3821 εἴκοσι
613 3758 750 3838 τέσσαρα·
773 3755 793 3818 ά
817 3757 855 3837 δὴ
878 3758 1027 3838 πρόσωπα
1049 3758 1230 3840 ύποκριττκά
1252 3769 1313 3821 τῶν
1335 3768 1426 3840 τριῶν
1449 3776 1551 3837 σκηνο-

323 3882 385 3933 κῶν
403 3874 596 3953 ποιημάτων,
625 3872 661 3934 τὰ
691 3872 787 3934 οἰκεῖα
810 3883 851 3957 τῶ
873 3868 943 3934 καθ’
969 3871 1015 3935 ένλ
1037 3872 1139 3936 αύτῶν
1161 3872 1214 3937 καί
1236 3874 1336 3960 οίκείιγ
1360 3871 1550 3954 ἦθροιομίνα

328 3986 443 4066 δρῶντά
476 4010 505 4048 τι
537 3987 625 4068 χορός
660 3985 801 4048 ἐκαλεῖτο.
832 3984 999 4067 διαιρεθελς
1030 3985 1064 4049 δέ
1094 3985 1111 4049 δ
1141 3988 1229 4069 χορός
1256 3988 1299 4062 είς
1326 3988 1462 4067 τμήματα
1485 3987 1553 4065 δύο,

324 4097 464 4182 ἧμιχόρια
485 4098 668 4180 άνομάζετο,
686 4110 933 4181 παραχρηστικῶς
957 4098 990 4161 δέ
1008 4100 1059 4162 καί
1078 4101 1175 4182 χορός·
1199 4101 1226 4163 εί
1248 4098 1281 4163 δέ
1303 4096 1371 4162 καθ’
1398 4098 1451 4161 ἐνα
1470 4098 1551 4178 ἐτέμ-

324 4238 408 4294 νετο,
428 4214 588 4297 ὑποκριταὶ
610 4213 775 4277 ἐκαλοῦντο
798 4226 891 4299 κοινῷ
914 4226 954 4299 τῷ
977 4211 1103 4294 όνόματι
1126 4215 1178 4277 διά
1200 4215 1233 4277 τό
1257 4213 1477 4294 μὴδύνασθαι
1498 4225 1553 4297 μιᾷ

323 4332 425 4411 κλήσει
446 4335 680 4412 περιειλῆφθαι,
700 4326 742 4401 ὡς
765 4326 782 4390 δ
804 4327 892 4410 χορὸς
914 4326 966 4390 καί
987 4328 1024 4389 τύ
1045 4326 1196 4410 ἡμιχόρια.
1223 4330 1415 4410 διαιροῦνται
1436 4328 1493 4411 γὰρ
1516 4326 1552 4389 τδι

356 4554 377 4618 ¹)
395 4554 524 4619 τοιούτους]
550 4553 695 4608 τοσούτους)
722 4552 761 4601 Of.
787 4555 932 4615 ἰσαρίθμους
956 4552 970 4611 ὅ
994 4554 1026 4601 88
1052 4555 1081 4601 οδ
1105 4554 1163 4600 {am
1186 4556 1276 4612 adm
1304 4564 1363 4612 pag.
1387 4552 1444 4607 184,
1467 4552 1490 4598 1.
1520 4574 1551 4587 -

323 4637 485 4697 quanqum
507 4636 556 4684 λικε
578 4633 670 4681 sordeo
691 4633 823 4691 οοττίςοτο
847 4629 911 4690 quid
933 4632 1040 4679 κέλευσε)
1058 4631 1123 4680 λύσω
1141 4644 1209 4691 quse
1227 4628 1271 4678 hio
1291 4635 1318 4678 οε
1336 4627 1553 4690 insequentibus

323 4716 365 4775 Η
390 4714 514 4776 λοςοοτοτ
541 4714 679 4762 δολὶττολίε
707 4713 796 4774 potius
827 4711 941 4759 hominis
970 4710 1081 4758 ᾶίοουᾱε
1110 4714 1173 4759 τοι)
1199 4710 1279 4758 verbs
1307 4722 1387 4770 qum
1418 4710 1495 4787 ‹1er
1527 4711 1554 4756 ολ

322 4796 465 4857 prudentor
482 4794 652 4855 dispansam.

354 4873 436 4935 'Mc
452 4878 489 4923 καλ
507 4877 598 4930 νυκτός,
616 4876 730 4937 ούρανοῦ,
748 4870 836 4935 ημίρας
853 4872 891 4917 καλ
908 4872 1045 4934 ἀνακτόρων
1063 4869 1139 4918 oodd.

354 4952 435 5017 ¹)01.
458 4955 521 5015 ξολ
549 4956 576 5001 εί
602 4965 662 5012 μσς.
686 4952 734 5000 180
758 4947 837 5007 inin,
859 4946 907 4996 ubi
929 4948 1000 5009 quod
1023 4950 1121 5009 legitur
1146 4951 1184 4997 λπλ
1208 4949 1235 4996 τὸ
1257 4949 1362 5013 οίατρον
1384 4951 1473 4997 nostro
1494 4947 1554 4996 Ῑοοο

324 5034 439 5084 αοτωτδο
456 5037 495 5081 οε)
512 5037 675 5094 comptum.
