4375 6284
679 961 744 1026 322
1117 980 1160 1026 ns
1182 981 1291 1027 rnxrn
1313 981 1466 1027 rubino.

677 1151 823 1214 Verbum
853 1161 952 1232 χωρῶ,
978 1168 1043 1228 quc
1066 1157 1157 1215 caret
1179 1152 1218 1230 V,
1242 1156 1295 1216 est
1317 1155 1409 1216 vocis
1432 1162 1524 1214 ταῦτα
1547 1155 1897 1230 interpretamentum

676 1312 750 1371 erat
773 1310 874 1386 igitur
896 1309 995 1371 clim:
1018 1248 1098 1370 ξῖῦόἐ
1127 1301 1313 1371 botonem.

721 1425 759 1484 In
781 1423 850 1485 VR
873 1425 995 1486 ceteris
1017 1423 1184 1486 codicibus
1207 1425 1372 1487 eiusmodi
1395 1441 1486 1486 error
1508 1424 1636 1487 obtinet
1658 1426 1722 1488 Av.
1746 1426 1829 1489 388:

965 1535 1016 1598 uui
1039 1536 1072 1598 τὸ
1098 1538 1173 1616 δόρυ
1195 1535 1251 1618 χρὴ
1277 1537 1354 1611 [τὸν
1386 1535 1610 1612 ὀβελίσκον]

963 1656 1138 1731 περιπατεῖν
1160 1650 1282 1731 ἔχοντας
1304 1647 1392 1730 ἡμᾶς.

720 1763 806 1824 Item
831 1766 893 1825 Ατ.
918 1766 1000 1827 523:

785 1877 879 1949 οὕτως
899 1876 978 1955 ὑμᾶς
1000 1879 1110 1950 πάντες
1132 1878 1279 1959 πρότερον
1302 1880 1450 1960 μεγάλους
1473 1876 1578 1960 ἁγίανς
1601 1874 1621 1940 ι’
1648 1879 1798 1959 ἐνόμιζον,

895 2001 954 2052 νῦν
979 1986 1006 2053 i’
1033 1990 1277 2070 ἀνδράποδα.
1301 1991 1504 2072 ἠλιθίους.
1525 2002 1633 2071 μανᾰς.

672 2104 737 2166 Ubi
777 2106 899 2166 vitium
940 2121 1017 2167 cum
1055 2123 1175 2169 versus
1209 2109 1438 2184 antistrepbus
1472 2109 1598 2184 arguit,
1633 2112 1706 2170 tum
1740 2109 1897 2171 diaeresis

671 2222 747 2293 post
781 2220 923 2295 primam
954 2219 1120 2296 dipodiam
1149 2221 1318 2296 neglecta;
1349 2236 1467 2283 verum
1497 2221 1646 2282 restituit
1676 2222 1811 2284 criticus
1841 2225 1895 2298 qui

671 2333 825 2407 scripsit:

1093 2432 1153 2484 νῦν
1176 2419 1205 2484 δ’
1234 2415 1356 2488 (αὖ)
1382 2433 1489 2502 μανᾶς.

870 2535 1017 2598 asperos«.
1036 2537 1143 2594 puerove

671 2605 758 2666 Olim
781 2605 847 2666 filit
869 2613 977 2682 μανᾶς.

713 2719 858 2794 Originis
892 2719 1072 2794 vestigium
1108 2722 1222 2781 servat
1258 2721 1453 2781 etiamnunc
1484 2716 1664 2795 ἀνδράποδα
1699 2718 1892 2781 vccabulum

667 2836 763 2912 plene
785 2836 1017 2912 perscriptum.

713 2951 797 3011 Ran.
821 2951 886 3011 487
912 2951 946 3010 in
970 2950 998 3010 R
1021 2951 1089 3010 est:

935 3062 1018 3142 αἴραι
1040 3060 1079 3121 ἂν
1103 3053 1197 3133 αὖθις
1220 3053 1244 3121 ὦ
1267 3066 1327 3120 παῖ
1347 3066 1401 3135 [τα
1425 3061 1653 3140 στρώματα1.

666 3175 815 3239 Dubiane
839 3192 894 3238 res
913 3177 1067 3238 videtur?
1086 3177 1158 3237 Non
1179 3177 1310 3252 opinor;
1330 3176 1551 3252 inspiciamus
1570 3179 1684 3238 tamen
1696 3177 1842 3238 codicem
1851 3175 1888 3236 V.

666 3290 730 3352 Ubi
754 3292 802 3352 ita
824 3291 907 3352 baec
930 3294 1009 3352 sunt
1031 3292 1187 3352 exarata:

867 3399 953 3484 αἴροι’
980 3401 1018 3463 ἂν
1040 3395 1135 3475 αὖθις
1160 3396 1183 3464 ὦ
1205 3409 1264 3464 παῖ
1269 3423 1277 3464 t
1413 3403 1449 3463 τὰ
1471 3370 1548 3484 crepa
1572 3404 1733 3483 δη(λαν)ατι

709 3519 849 3579 Ratione
879 3519 1014 3580 inversa
1043 3518 1127 3579 Ran.
1161 3519 1224 3581 113
1254 3532 1315 3592 ope
1337 3517 1459 3578 codicis
1484 3518 1513 3579 R
1535 3519 1654 3593 corrigi
1676 3521 1789 3594 potest
1808 3519 1883 3577 eins-

665 3631 756 3693 mcdi
779 3646 870 3694 error
893 3632 1015 3694 codicis
1038 3632 1076 3709 V,
1101 3632 1157 3705 qui
1181 3631 1261 3692 baec
1283 3630 1402 3692 babet:

820 3741 947 3825 πορνεῖ’.
981 3742 1169 3816 ἀναπαύλας.
1203 3741 1357 3824 ἐκτροπάς,
1390 3743 1515 3824 κρήνας.
1550 3741 1567 3804 ὁ
1589 3743 1628 3823 δὴ
1652 3766 1713 3805 Μ.

819 3902 928 3974 πόλεις.
964 3901 1087 3973 διαίτας.
1125 3900 1372 3980 πανδοκευτρίας,
1395 3898 1473 3961 ὅπου
1532 3834 1722 3913 πηλίδας;
1748 3869 1788 3880 ..

818 4015 917 4094 κόρεις
941 4012 1090 4095 ὀλίγισται.

664 4133 701 4193 In
732 4131 761 4190 R
790 4145 856 4192 non
884 4129 1008 4205 legitur
1037 4128 1220 4206 καπηιιδας,
1251 4130 1303 4190 est
1325 4131 1440 4190 autem
1462 4127 1545 4190 illud
1568 4128 1778 4206 vccabulum,
1799 4127 1879 4204 qued

662 4246 768 4322 primo
803 4243 915 4306 versui
949 4243 1119 4319 adhaeret,
1154 4244 1491 4320 interpretamentum
1526 4242 1619 4305 vocis
1651 4242 1880 4318 ιιανδιααιρας

662 4361 695 4420 in
731 4374 828 4420 versu
864 4358 1017 4434 sequenti
1047 4360 1236 4434 usurpatae.
1267 4358 1443 4420 Praeterea
1473 4373 1538 4419 non
1570 4354 1586 4418 i
1616 4355 1662 4436 δὴ
1685 4361 1743 4422 sed
1766 4355 1877 4424 ὁδοὺς

661 4473 806 4534 scribere
829 4472 968 4534 debebat
991 4471 1145 4533 librarius
1168 4472 1206 4550 V,
1227 4488 1325 4547 quem
1344 4472 1477 4548 signum
1496 4471 1646 4549 syllabae
1662 4496 1733 4546 -ονς
1750 4471 1876 4546 decepit.
1966 4470 1967 4513 i

706 4585 876 4647 Gemellus
899 4601 991 4648 error
1013 4585 1047 4647 in
1071 4584 1140 4647 VR
1163 4589 1217 4647 eet
1239 4586 1322 4647 Nub.
1350 4587 1452 4647 1428:

771 4697 810 4772 ὧς
834 4698 904 4772 τοὺς
928 4697 1058 4780 πατέρας
1082 4697 1230 4776 ἀμύνεται
1253 4699 1350 4760 καίτοι
1373 4723 1401 4758 τι
1425 4697 1624 4778 διαφέρουσιν
1648 4697 1784 4772 [cette]

770 4811 857 4892 ἡμῶν
879 4812 996 4875 ἐκεῖνοι.

704 4930 811 4991 Etiam
835 4929 923 4990 Plnt.
948 4929 1013 4990 eie
1037 4929 1206 4988 certares
1229 4929 1298 4988 est:

880 5037 964 5102 ἔπειτ’
991 5039 1166 5121 ἀναβλέψας
1189 5037 1250 5119 ὁρῶ
1273 5038 1327 5100 τὸν
1350 5037 1431 5120 inpie
1456 5043 1537 5114 [ιαῦ
1558 5041 1682 5114 babil.
