4375 6284
651 973 713 1032 102
1163 989 1205 1034 ns
1228 989 1354 1036 norrun

647 1158 733 1219 odio.
764 1159 827 1219 Sed
858 1160 943 1234 quod
972 1159 1152 1221 mulierum
1183 1160 1223 1220 ah
1257 1160 1410 1237 Euripide
1450 1161 1659 1224 inductarum
1697 1162 1809 1223 studia
1841 1165 1871 1223 et

647 1273 717 1333 iata
750 1272 856 1334 multo
890 1273 1034 1334 vividius
1067 1288 1167 1348 quam
1197 1275 1343 1336 virorum
1375 1278 1524 1336 nostrum
1556 1276 1679 1338 feriunt
1710 1277 1870 1352 animum,

646 1389 733 1461 quod
755 1387 957 1448 Alcestidem
977 1388 1181 1449 admiramur
1200 1391 1233 1449 et
1254 1404 1460 1465 veneramur,
1480 1390 1662 1451 Phaedram
1683 1393 1716 1450 et
1729 1390 1870 1452 Medeam

645 1504 716 1563 toto
746 1501 842 1562 corde
864 1503 1072 1577 miseramur,
1095 1502 1230 1564 Admeti
1253 1518 1331 1564 vero
1354 1505 1570 1577 quantumvis
1593 1504 1769 1581 hospitalis
1791 1505 1872 1566 dolo

646 1629 716 1675 rem
730 1616 787 1675 ant
799 1614 968 1691 Hippolyti
979 1615 1210 1676 castimoniam
1224 1616 1405 1678 clamosam
1414 1632 1531 1693 parum
1544 1634 1710 1696 curamus,
1723 1620 1871 1680 Iasonem

646 1732 760 1790 autem
783 1729 916 1804 penitus
939 1731 1198 1807 contemnimus,
1222 1731 1254 1793 id
1278 1731 1362 1792 satis
1385 1734 1497 1808 aperte
1520 1733 1614 1794 docet
1630 1734 1671 1795 ab
1691 1737 1767 1796 utra
1785 1735 1873 1810 parte

648 1844 719 1920 ipso
742 1843 875 1905 steterit
898 1845 1004 1919 poeta.

693 1956 756 2017 Sed
776 1956 816 2018 de
835 1957 989 2033 Euripide
1007 1958 1184 2019 mulierum
1205 1959 1309 2020 vitam
1328 1961 1419 2022 omni
1431 1961 1555 2023 mentis
1566 1962 1719 2024 acumine
1730 1961 1874 2023 adhibito

647 2076 681 2133 et
703 2070 864 2146 singulari
888 2086 965 2132 cura
988 2071 1125 2133 rimanti
1143 2073 1243 2134 etiam
1261 2073 1296 2134 in
1315 2074 1417 2136 aliam
1436 2079 1565 2151 partem
1584 2076 1693 2152 potuit
1703 2075 1872 2152 disputari.

647 2186 717 2246 Non
747 2201 829 2246 sane
857 2183 960 2246 seriel
992 2185 1077 2246 Nam
1108 2185 1230 2248 nimiae
1259 2187 1379 2249 luisset
1403 2187 1582 2265 stultitiae,
1607 2203 1822 2263 quaecunque
1843 2189 1873 2248 in

645 2299 763 2374 tragici
802 2298 924 2359 tabulis
965 2300 1005 2360 de
1046 2314 1131 2362 sexu
1173 2300 1330 2362 debiliore
1370 2302 1549 2378 malignius
1586 2302 1786 2378 dicerentur,
1820 2317 1875 2378 pro

644 2412 749 2489 ipsius
778 2414 895 2488 poetae
921 2412 1032 2475 verbis
1062 2428 1105 2473 ex
1136 2415 1241 2475 animi
1270 2415 1436 2477 sententia
1466 2416 1568 2478 locuti
1597 2416 1724 2492 afferre,
1757 2417 1874 2490 quihus

646 2541 744 2586 suam
775 2527 810 2586 in
841 2526 999 2588 mulieres
1030 2530 1200 2589 evomeret
1223 2527 1321 2604 iram,
1346 2529 1573 2605 coniugalibus
1594 2531 1754 2591 nimirum
1780 2529 1877 2592 malis

648 2640 876 2704 exacerbatus.
900 2640 962 2716 Qui
983 2657 1062 2704 vero
1085 2643 1316 2717 petulantioris
1338 2644 1462 2719 ingenii
1484 2649 1574 2707 esset
1595 2645 1770 2722 cachinno,
1795 2643 1874 2706 illud

647 2756 764 2830 poetae
795 2755 943 2816 studium
974 2754 1116 2817 ludibrio
1147 2756 1267 2818 habere
1297 2757 1394 2818 facile
1416 2758 1538 2835 potnit,
1563 2759 1595 2820 id
1619 2758 1703 2834 quod
1727 2759 1877 2820 maxima

648 2883 724 2928 cum
747 2868 902 2930 libertate
923 2869 1002 2930 iecit
1019 2869 1271 2947 Aristophanes,
1293 2887 1373 2946 erga
1394 2871 1563 2933 hominem
1581 2886 1693 2933 rerum
1713 2887 1877 2934 novarum

647 2982 682 3042 in
712 2980 838 3042 artibus
867 2982 997 3057 poetica
1027 2985 1134 3057 atque·
1156 2984 1284 3046 musica
1316 2986 1525 3060 appetentem
1556 2985 1736 3060 quemlibet
1765 2987 1876 3049 iocum

647 3109 847 3170 concessum¹
865 3095 932 3156 sihi
953 3098 1058 3161 ratus.

1222 3461 1293 3523 VII.

689 3663 803 3724 Novae
826 3663 928 3739 igitur
951 3664 1084 3726 tabulae
1106 3666 1281 3727 materiem
1304 3666 1520 3742 Aristophani
1537 3668 1689 3743 praebuit
1705 3669 1882 3748 Euripides

646 3775 826 3839 mulierum
850 3793 936 3840 osor.

689 3888 790 3953 Cuius
811 3891 941 3955 tabulae
965 3894 1006 3954 ad
1029 3892 1205 3955 Mulierum
1226 3893 1308 3956 illud
1330 3893 1515 3958 Diuortlum
1539 3911 1578 3958 ea
1599 3897 1669 3959 tere
1689 3898 1755 3959 luit
1777 3900 1880 3974 ratio,

644 4020 727 4080 qnae
759 4008 811 4068 est
845 4008 1035 4068 dramatum
1071 4008 1292 4082 satyricorum
1328 4009 1369 4070 ad
1402 4009 1604 4086 tragoediam
1638 4026 1749 4074 meros
1783 4015 1879 4076 enim

643 4120 734 4181 iocos
757 4119 900 4183 habebat
923 4126 999 4198 post
1020 4121 1113 4182 illins
1136 4121 1265 4184 tabulae
1289 4123 1530 4185 laestissimam
1554 4126 1767 4200 gravitatem.
1790 4128 1883 4190 Nam
1972 4201 1973 4212 χ

643 4249 744 4309 grave
773 4236 918 4310 proiecto
948 4235 1068 4312 prioris
1093 4237 1224 4298 iabnlae
1248 4237 1354 4299 luerat
1376 4241 1628 4313 argumentum
1652 4239 1687 4301 in
1710 4256 1775 4315 qna
1797 4241 1883 4303 licet

642 4348 766 4410 effrena
788 4349 928 4410 lascivia
949 4350 1043 4412 omni
1065 4351 1194 4414 abiecto
1217 4351 1339 4428 pudore
1362 4355 1548 4430 regnasset,
1568 4367 1733 4429 nusquam
1757 4358 1881 4417 tamen
1972 4351 1973 4430 l

642 4478 662 4523 a
692 4466 791 4539 poeta
821 4465 947 4526 comico
977 4467 1166 4541 neglectum
1195 4466 1303 4529 tuerat
1326 4482 1522 4544 generosum
1546 4484 1662 4546 pacem
1686 4472 1721 4531 et
1742 4485 1880 4534 concor·

642 4576 730 4638 diam
754 4580 1008 4641 commendandi
1026 4580 1213 4643 consilium.
1234 4583 1271 4642 In
1290 4582 1643 4660 'thesmophoriaausis
1665 4601 1743 4649 vero
1761 4586 1884 4649 tabula
1972 4651 1973 4656 ,

641 4692 719 4752 serii
757 4693 840 4754 nihil
879 4694 1005 4769 agitur:
1049 4694 1176 4756 ridetur
1210 4697 1359 4770 tantum;
1395 4697 1516 4758 doloris
1550 4697 1673 4772 aliquid
1708 4715 1784 4762 cum
1826 4704 1884 4764 ad·

641 4803 810 4882 miscetur,
842 4808 884 4868 ad
913 4822 1019 4869 novos
1049 4809 1138 4870 iocos
1169 4810 1258 4871 viam
1289 4811 1353 4872 sibi
1383 4815 1481 4888 parat
1509 4816 1618 4890 poeta,
1651 4829 1690 4876 eo
1716 4814 1886 4880 clariores

640 4934 720 4980 mox
751 4921 931 4982 cachinnos
959 4922 1182 5000 excitaturus,
1215 4925 1293 4985 dum
1324 4929 1558 5001 argumentum
1587 4926 1752 4990 ludicrum
1774 4933 1886 4992 novis

640 5049 773 5111 semper
802 5035 949 5098 inventis
978 5043 1134 5115 exornat,
1159 5053 1299 5114 quorum
1324 5039 1411 5102 aliud
1436 5040 1499 5102 alio
1524 5043 1576 5102 est
1598 5041 1763 5105 festivius.
