4375 6284
755 931 797 976 on
821 929 929 974 rsxnu
951 928 1104 976 nanorno.
1478 915 1544 976 843

452 1099 511 1164 ἀλλ’
540 1102 703 1183 Εὐβούλης
726 1111 786 1162 τῶν
809 1099 937 1181 πέρυσιν
960 1100 1003 1172 τίς
1026 1100 1192 1179 βουλευτής
1215 1099 1295 1161 ἔστιν
1318 1100 1465 1178 ἀμείνους

454 1217 673 1296 [παραδοὺς
705 1213 820 1300 ἑτέρῳ
844 1214 913 1293 τὴν
937 1213 1148 1294 βουλείαν
1173 1209 1259 1276 οὐδ’
1285 1214 1404 1287 αὐτὸς
1428 1213 1544 1275 τοῦτό

1264 1350 1305 1409 νε
1335 1329 1499 1406 diotae]

332 1448 482 1522 interpres
501 1446 604 1522 enim,
626 1446 682 1520 qui
701 1447 889 1520 temporum
908 1443 1073 1505 rationem
1094 1458 1161 1504 non
1183 1443 1268 1504 satis
1285 1446 1427 1518 teneret,
1448 1457 1544 1505 anno·

331 1563 426 1622 tasse:
453 1557 529 1636 ,τὴν
551 1557 608 1638 γὰρ
631 1558 774 1638 βουλείαν
798 1555 909 1637 ἑτέροις
932 1555 1138 1636 παρέδοσαν”.

576 1911 632 1988 16)
653 1912 708 1973 De
729 1910 840 1972 vitiis
861 1911 902 1970 in
926 1909 1095 1972 deterius
1116 1910 1284 1972 mutatis.

363 2137 390 2198 Α
418 2137 584 2198 codicibus
613 2134 643 2193 V
674 2137 707 2196 et
730 2135 758 2195 R
781 2134 879 2210 longo
903 2134 1079 2195 intervallo
1103 2134 1231 2195 distant
1252 2134 1326 2195 ΓΒ
1349 2133 1415 2195 alia
1436 2147 1545 2195 exem·

327 2251 437 2327 pieria,
468 2265 552 2325 qnae
583 2249 710 2326 passim
742 2248 828 2310 vitia
856 2250 891 2309 in
922 2248 1069 2309 deterius
1092 2250 1225 2309 mutata
1246 2249 1369 2309 habent
1392 2263 1413 2310 a
1435 2247 1548 2308 scioiia

327 2381 381 2439 quo
404 2365 518 2426 minus
540 2364 658 2440 peritis
681 2377 720 2424 eo
743 2363 853 2438 magis
877 2362 1068 2424 audacibus.
1093 2362 1148 2424 Sic
1169 2362 1255 2424 Eccl.
1280 2364 1346 2425 569
1369 2363 1402 2423 in
1423 2362 1451 2422 R
1473 2362 1547 2423 leve

327 2481 372 2540 est
394 2479 531 2540 vitium:

584 2589 657 2651 ὥστε
680 2587 712 2650 oi
735 2611 767 2670 με
791 2610 843 2666 μοι
865 2594 1029 2669 μαρτυρεῖν
1053 2587 1121 2667 ντὶ,

326 2722 397 2769 nam
421 2723 480 2784 pro
502 2731 535 2789 yn
559 2703 771 2766 scribendum
795 2707 867 2765 erat
888 2723 926 2763 τε.
950 2704 988 2764 In
1012 2707 1041 2762 Γ
1060 2703 1163 2765 latius
1184 2705 1306 2780 serpsit
1329 2704 1482 2766 morbus:

585 2816 689 2889 ὅστις
720 2815 759 2898 μέ
782 2840 833 2895 μοι
856 2821 1029 2896 μαρτυρεῖν,

324 2938 426 2987 errore
456 2931 654 3007 pervulgato
683 2946 741 3008 pro
771 2953 794 2991 ω
826 2931 948 3006 scripto
979 2953 1003 2991 ο.
1037 2930 1118 3008 Quid
1146 2933 1258 2992 autem
1281 2931 1311 2991 is
1334 2932 1387 2991 cui
1409 2931 1546 2993 debetur

322 3051 429 3101 recens
463 3043 635 3120 exemplar
668 3045 855 3106 Parisinum
888 3046 939 3106 B?
973 3046 1076 3106 Metro
1107 3044 1284 3106 consulens
1313 3044 1453 3120 scilicet,
1485 3044 1544 3105 sed

321 3156 491 3217 contextus
514 3158 609 3219 nulia
631 3157 746 3220 habita
769 3159 911 3235 ratione,
935 3160 1085 3235 scripsit:
1330 3143 1337 3158 ’

583 3271 689 3346 ὅστις
713 3270 760 3333 ἄν
783 3295 833 3351 μοι
857 3283 1023 3358 μαρτυρῇ.

362 3383 515 3447 Eiusdem
537 3387 667 3454 tabulae
691 3403 741 3450 vs.
766 3390 830 3450 615
855 3389 889 3450 in
913 3389 941 3449 R
964 3391 1060 3450 extat
1081 3389 1226 3464 integer:

583 3501 619 3562 οὗ
642 3507 752 3574 πάντες
775 3501 858 3561 ἴασιν
879 3499 884 3580 Ι
907 3499 956 3562 ἐπὶ
977 3499 1033 3579 τὴν
1057 3500 1264 3582 ὡραιοτάτην.
1279 3525 1321 3575 ..3

364 3611 548 3675 absurdum
572 3617 684 3677 autem
709 3617 762 3677 est
785 3616 870 3690 quod
893 3616 1058 3678 habeis:

581 3729 725 3801 πάντες
756 3727 893 3789 ἴσασιν
913 3727 920 3808 Ι
940 3727 989 3790 irai
1011 3727 1067 3806 τὴν
1092 3727 1137 3813 m,

323 3839 356 3896 at
375 3839 478 3901 multo
501 3841 677 3904 absurdius
700 3843 784 3919 quod
808 3845 852 3906 B:

581 3955 725 4028 πάντες
755 3955 824 4037 γὰρ
849 3956 985 4016 ἴσασιν
1005 3954 1010 4034 Ι
1033 3953 1091 4016 ὅτε
1118 3977 1194 4017 που
1219 3953 1269 4016 ini
1291 3953 1347 4032 τὴν
1370 3953 1402 4016 ὦ.

364 4065 452 4127 Talia
480 4070 652 4131 cumulare
681 4071 764 4132 nihil
787 4072 927 4145 attinet;
953 4069 1122 4132 sufficiunt
1146 4071 1236 4131 enim
1260 4070 1341 4132 haec
1364 4072 1404 4131 ad
1428 4085 1543 4146 agnos·

323 4179 452 4241 cendam
489 4183 710 4244 recentiorum
744 4184 927 4246 stultitiam
968 4191 1001 4245 et
1032 4184 1270 4245 temeritatem.
1302 4186 1331 4245 A
1360 4185 1545 4246 cuiusmodi

322 4288 388 4354 labe
417 4295 588 4357 immunes
617 4297 687 4358 fere
714 4301 794 4359 sunt
824 4299 852 4358 V
883 4298 917 4358 ct
945 4297 984 4358 R.
1014 4296 1086 4358 Non
1118 4301 1233 4358 tamen
1256 4297 1353 4372 piane
1374 4298 1544 4359 immunes

321 4403 391 4466 licet
419 4409 543 4486 dicere,
569 4425 646 4471 nam
670 4411 779 4486 prima
801 4412 963 4486 quaedam
992 4410 1072 4471 mali
1095 4411 1372 4485 perniciosissimi
1394 4411 1545 4486 germina

324 4523 353 4580 et
379 4539 480 4600 supra
501 4524 535 4585 in
560 4525 601 4586 iia
624 4526 906 4601 deprehendimus
932 4524 1105 4601 complura
1127 4527 1161 4586 et
1183 4523 1249 4584 alia
1272 4527 1411 4599 possunt
1433 4525 1544 4599 depre-

323 4631 421 4699 hendi.
444 4640 578 4714 Insigne
601 4639 795 4715 exemplum
819 4641 915 4702 extat
937 4638 1020 4703 Acin.
1045 4640 1128 4700 347:

581 4758 702 4840 ἐμέλλετ’
729 4761 788 4842 ἄρα
811 4765 956 4836 πάντες
989 4761 1197 4824 &codoleto
1227 4740 1333 4843 βοῆς.

361 4879 421 4942 Fac
443 4882 581 4957 periisse
604 4882 833 4944 Ravennatem
858 4883 1052 4956 ceterosque
1076 4882 1206 4942 codices
1224 4881 1415 4959 hodiernos,
1436 4895 1542 4941 unum

323 4997 425 5055 autem
444 5010 620 5072 superesse
641 4997 846 5057 Ravennatis
866 4995 999 5070 aliquod
1018 4996 1261 5072 apographum,
1282 4995 1316 5057 in
1336 5011 1400 5072 quo
1413 5001 1545 5072 recepta
