4375 6284
659 950 700 1011 22
1176 971 1217 1016 nr
1239 969 1365 1016 socru

656 1149 757 1208 quam
780 1135 961 1210 imaginem
986 1153 1005 1198 a
1027 1139 1183 1199 sensibus
1206 1139 1382 1214 obiectam,
1406 1139 1622 1214 cogitationes
1640 1140 1765 1200 mentis
1784 1155 1879 1215 supra

657 1247 768 1308 studia
800 1247 919 1322 quibus
953 1249 1072 1324 vulgus
1106 1252 1278 1311 hominum
1315 1251 1481 1312 detinetur
1516 1255 1650 1312 evectae
1683 1252 1739 1326 qui
1774 1256 1878 1328 potest

657 1359 789 1434 assequi
820 1362 872 1421 vei
902 1361 1004 1423 etiam
1037 1364 1122 1424 velle
1152 1365 1308 1438 assequi?
1338 1363 1463 1440 Rebus,
1494 1379 1577 1438 quas
1611 1366 1687 1425 inde
1716 1380 1737 1426 a
1766 1365 1878 1442 primis

659 1473 745 1534 ritae
774 1475 871 1534 annis
902 1477 1051 1537 venerari
1083 1477 1209 1552 didicit,
1241 1477 1393 1552 quicquid
1416 1478 1613 1538 adversatur
1634 1480 1694 1539 aut
1715 1478 1879 1539 adversari

658 1586 798 1662 videtur,
834 1586 864 1646 ei
897 1591 951 1648 sst
983 1589 1239 1650 invisissimum.
1273 1589 1438 1650 Fabulosa
1472 1590 1560 1651 enim
1593 1590 1652 1652 iila
1685 1591 1793 1667 regio,
1827 1606 1881 1666 per

658 1714 758 1773 quam
783 1699 938 1762 lascivire
961 1702 1041 1763 olim
1071 1701 1199 1763 solebat
1222 1703 1393 1777 ingenium
1417 1703 1489 1763 eius
1511 1703 1649 1780 puerile,
1673 1705 1881 1764 sacrosancta

658 1812 689 1872 ei
718 1814 845 1873 mansit
872 1815 908 1875 et
936 1814 1100 1876 laetorum
1131 1815 1372 1890 promissorum
1403 1816 1594 1877 etiamnunc
1620 1816 1751 1877 videtur
1780 1817 1880 1878 ferax.

658 1923 812 1986 Errorum
838 1927 949 1988 autem
974 1927 1224 1990 refutandomm
1248 1928 1344 1989 iilum
1367 1929 1533 2005 ardorem,
1556 1944 1620 2003 quo
1642 1929 1762 2005 flagrat
1782 1930 1881 2005 philo·
1981 1969 1983 1986 .

658 2039 794 2116 sophus,
826 2039 897 2114 ipse
921 2043 1095 2102 aversatur
1118 2043 1152 2102 st
1174 2041 1402 2116 abominatur;
1425 2042 1562 2103 mittere
1583 2041 1726 2102 ludibria
1748 2043 1884 2117 puerilia

658 2153 786 2228 nequit,
810 2153 971 2226 quianon
990 2153 1075 2230 vult,
1095 2169 1161 2215 non
1181 2154 1252 2215 vult
1270 2157 1384 2215 autem
1404 2155 1597 2230 quiapceta
1615 2158 1720 2215 estet
1738 2157 1880 2229 iuvenis,
1981 2161 1983 2174 ³

658 2279 723 2324 non
752 2265 803 2325 vir
831 2265 1081 2340 disciplinarum
1111 2268 1222 2328 studio
1249 2267 1390 2343 longove
1415 2268 1505 2329 ritae
1533 2282 1596 2329 usu
1619 2268 1778 2329 eruditus.
1803 2269 1881 2330 iiam

659 2392 758 2450 quam
794 2380 887 2439 novit
919 2379 1093 2440 hominum
1127 2381 1248 2456 vitam,
1283 2396 1348 2455 qua
1381 2381 1504 2442 fruitur
1532 2381 1617 2458 ipse,
1653 2383 1724 2443 toto
1752 2386 1882 2457 pectore

659 2490 780 2566 diligit,
806 2491 897 2552 nulla
920 2492 991 2553 eius
1013 2492 1258 2555 oblectamenta
1279 2495 1360 2570 eripi
1383 2493 1447 2554 sibi
1464 2508 1639 2570 passurus,
1662 2495 1729 2554 nisi
1747 2496 1884 2556 invitus.

660 2603 739 2665 Odio
763 2619 839 2665 vere
868 2604 986 2680 puerili
1010 2601 1080 2667 odit
1104 2621 1284 2685 vomerem,
1310 2622 1372 2681 quo
1398 2606 1546 2668 sulcatur
1567 2622 1645 2682 ager
1667 2622 1778 2668 rerum
1801 2608 1883 2669 futa-

659 2732 772 2777 rarum
791 2732 937 2778 messem
957 2718 1101 2796 laturus,
1121 2721 1291 2796 quoniam,
1311 2720 1426 2796 glebae
1445 2721 1524 2781 dum
1546 2723 1728 2796 vertuntur,
1747 2722 1886 2796 pereunt

659 2829 756 2891 flores
787 2833 950 2908 agrestes,
982 2831 1101 2906 quibus
1130 2833 1220 2894 alma
1248 2835 1368 2895 natura
1395 2833 1505 2895 solum
1535 2838 1724 2910 ornaverat,
1749 2834 1885 2909 limique

659 2944 766 3006 colore
787 2945 893 3006 lurido
916 2947 1081 3007 inducitur
1103 2946 1223 3008 solum.

704 3059 821 3134 ltaque
856 3059 1070 3136 philosophos
1105 3062 1320 3122 vehementer
1358 3076 1509 3137 perosus,
1543 3064 1658 3136 utpote
1698 3060 1885 3122 fabularum

660 3174 807 3234 tenuium
825 3174 920 3234 horto
941 3189 1095 3250 amoeno,
1113 3174 1147 3233 ln
1163 3189 1227 3249 quo
1243 3175 1405 3235 hactenus
1421 3173 1599 3251 habitavit,
1619 3190 1719 3248 quam
1736 3177 1885 3237 maxime

658 3287 854 3348 metuendos
883 3290 1016 3363 propter
1045 3288 1234 3363 disputandi
1259 3288 1412 3362 peritiam
1443 3291 1477 3348 et
1503 3287 1670 3360 quaelibet
1692 3287 1726 3348 in
1749 3288 1887 3348 dubium

659 3399 797 3460 vocandi
827 3401 1014 3477 audaciam,
1039 3405 1173 3462 strenue
1195 3401 1390 3476 insectatur,
1412 3403 1450 3461 ut
1471 3401 1616 3476 primum
1640 3401 1813 3476 ingressus
1836 3403 1888 3462 est

659 3513 763 3590 viam,
787 3515 822 3575 in
846 3529 945 3588 quam
969 3515 1109 3577 vocabat
1129 3515 1311 3590 ingenium.

702 3627 794 3688 Novo
825 3627 907 3687 artis
933 3629 1080 3690 scenicae
1104 3630 1217 3704 generi
1240 3644 1283 3689 ex
1306 3629 1508 3690 carminibus
1530 3628 1664 3690 ludicris
1685 3628 1887 3704 lascivisque

658 3741 786 3802 facetiis
815 3743 895 3802 nato
925 3740 1080 3803 Cratinus
1109 3743 1200 3818 leges
1227 3743 1362 3804 dederat
1392 3742 1661 3816 comoediamque
1687 3745 1745 3803 aut
1769 3757 1886 3818 parem

659 3855 716 3914 aut
745 3870 921 3930 supparem
944 3856 1130 3917 reddiderat
1151 3858 1348 3931 tragoediae.
1373 3857 1519 3917 Maxima
1540 3857 1609 3917 iam
1633 3871 1709 3917 cum
1730 3855 1887 3917 libertate

659 3971 698 4030 ds
729 3970 827 4031 rebus
856 3971 1055 4044 quotidianis
1081 3973 1115 4032 in
1138 3987 1238 4033 scene
1260 3970 1515 4047 disceptabatur,
1539 3975 1572 4032 et
1595 3972 1630 4031 in
1652 3972 1724 4032 dies
1745 3971 1888 4031 maioris

659 4085 820 4144 momenti
854 4084 1048 4145 videbantur
1076 4101 1161 4159 quae
1193 4085 1262 4146 iilic
1293 4085 1546 4160 proterebantur
1579 4084 1776 4145 sententiae.
1811 4084 1888 4159 Ipse

657 4197 800 4258 Pericles
830 4199 915 4259 satis
944 4199 991 4259 rei
1020 4198 1169 4274 publicae
1199 4199 1417 4275 periculosam
1448 4198 1565 4259 habuit
1593 4198 1687 4258 illam
1709 4199 1887 4273 poetarum

658 4313 860 4372 comicorum
886 4312 1056 4374 licentiam
1087 4329 1186 4387 quam
1221 4329 1279 4388 per
1308 4328 1413 4373 annos
1443 4311 1569 4386 aliquot
1599 4313 1671 4387 lege
1700 4311 1887 4386 cohiberet,

657 4426 818 4487 innocuos
850 4429 982 4486 tantum
1017 4428 1107 4488 iocos
1136 4428 1170 4488 in
1200 4442 1336 4488 scenam
1366 4430 1446 4488 tunc
1475 4427 1667 4487 admittens.
1697 4426 1774 4486 liox
1808 4441 1888 4486 vero

655 4539 761 4600 sensit
795 4541 907 4600 minus
941 4557 1057 4602 nocere
1091 4542 1197 4617 ipsius
1234 4542 1373 4602 consilia
1407 4556 1517 4601 coram
1551 4539 1670 4616 populo
1704 4556 1725 4600 a
1757 4541 1889 4600 scurris

655 4653 819 4715 dicacibus
848 4655 945 4716 irrisa
974 4671 1072 4729 quam
1101 4671 1139 4717 os
1162 4657 1289 4718 civibus
1312 4656 1498 4730 occlusum,
1522 4670 1693 4730 repressas
1714 4656 1808 4716 enim
1833 4657 1888 4717 bo

656 4769 783 4829 minum
813 4769 982 4845 opiniones
1013 4769 1155 4832 acriores
1186 4775 1220 4832 et
1248 4771 1514 4832 vehementiores
1543 4769 1627 4845 fieri,
1651 4770 1685 4829 vi
1708 4784 1790 4830 mox
1814 4786 1888 4846 pro·
1982 4773 1983 4826 l

657 4884 826 4959 rupturas,
850 4884 880 4942 si
904 4881 1004 4944 libere
1027 4885 1126 4958 pandi
1148 4887 1322 4959 nequeant.
1345 4886 1460 4958 Itaque
1479 4887 1567 4959 tum,
1591 4899 1666 4944 cum
1686 4883 1814 4944 bellum
1835 4888 1888 4946 est

657 4998 826 5073 exortum,
851 4995 943 5056 nulla
964 4997 1065 5058 etiam
1085 4999 1285 5060 obstiterunt
1303 4999 1410 5062 edicta
1428 4999 1605 5073 quominus
1624 5001 1740 5073 poetae
1762 4998 1890 5059 scenici
