4375 6284
687 956 751 1016 132
1119 911 1125 916 ¹
1201 968 1244 1014 nn
1266 968 1393 1014 roncas

731 1180 771 1190 -
798 1144 1007 1222 „Manedum
1028 1159 1047 1206 ο
1070 1145 1171 1206 bone!
1193 1143 1266 1205 Vin’
1285 1143 1433 1204 sarcinas
1453 1143 1582 1217 aliquas
1601 1143 1729 1206 deterre
1749 1144 1790 1206 ad
1809 1144 1898 1206 Ache·
1971 1123 1972 1154 ¹

685 1261 860 1323 rontem?”
894 1293 934 1304 —
966 1261 1168 1332 conquestus
1195 1258 1283 1318 enim
1308 1261 1360 1318 est
1384 1257 1551 1318 Xanthias
1575 1258 1679 1318 nimis
1702 1259 1818 1333 gravia
1839 1273 1900 1318 esse

688 1376 934 1452 impedimenta.

734 1525 773 1534 -
802 1489 952 1566 „Duasne
973 1487 1150 1548 drachmas
1172 1484 1321 1547 solvis?”
1345 1487 1440 1559 rogat
1463 1486 1624 1546 mortuus.

736 1639 776 1651 -
802 1604 894 1680 ,Non
917 1602 1020 1678 ago!'’

733 1752 777 1762 -
802 1718 907 1794 ‚Ergo
929 1715 1142 1792 pergamus.”

735 1869 775 1880 -
803 1829 941 1908 ‚sesqui
963 1829 1157 1891 drachmam
1180 1829 1314 1889 sums.”

736 1981 776 1993 -
803 1943 1035 2022 „Revivisoam
1058 1942 1188 2017 ptiust·

733 2059 850 2122 Nullus
879 2057 1025 2135 prolecto
1055 2058 1128 2116 tam
1153 2056 1275 2132 tristis,
1300 2057 1370 2117 tam
1401 2071 1539 2118 severus
1570 2059 1621 2117 est
1643 2056 1731 2117 inter
1753 2056 1901 2132 legentes,

688 2177 767 2251 quin
798 2175 903 2236 risum
933 2172 963 2233 ei
995 2171 1190 2244 extorqueat
1218 2170 1380 2231 ludicrum
1409 2170 1471 2232 hoc
1498 2173 1615 2247 poetae
1638 2171 1830 2244 inventum
1851 2183 1901 2229 nec

687 2291 822 2352 dubium
845 2287 925 2363 quin
948 2286 1033 2347 altos
1052 2284 1132 2346 olim
1152 2282 1362 2345 audientibus
1381 2285 1524 2345 moverit
1542 2285 1735 2346 cachinnos!
1755 2285 1902 2347 Attamen

687 2418 786 2479 quam
809 2399 959 2475 lugubris
982 2401 1034 2460 est
1056 2398 1112 2459 ille
1136 2397 1243 2460 iocusl
1268 2397 1358 2459 Nihil
1381 2397 1546 2459 eiusmodi
1569 2399 1681 2459 iuveni
1703 2395 1903 2474 Aristophani

687 2533 729 2579 ne
763 2519 837 2578 tum
871 2514 1003 2589 quidem
1038 2512 1072 2573 in
1107 2514 1254 2574 mentem
1289 2512 1381 2573 venit
1414 2527 1491 2573 cum
1525 2513 1694 2573 saeviente
1728 2511 1905 2588 pestilentia

687 2633 862 2692 innumera
895 2629 929 2688 in
963 2627 1098 2688 civitate
1132 2626 1222 2688 luere
1256 2626 1373 2687 funera
1406 2626 1613 2702 quotidiana,
1648 2628 1721 2686 ium
1751 2641 1826 2687 cum
1854 2625 1904 2684 rix

686 2746 815 2805 inventi
837 2743 916 2803 sunt
938 2741 994 2815 qui
1012 2742 1221 2802 mortuorum
1241 2755 1375 2817 corpora
1393 2741 1427 2802 in
1448 2740 1600 2804 ultimam
1619 2742 1732 2803 sedem
1752 2741 1905 2804 deterrent

686 2863 720 2920 at
749 2857 896 2932 ingentis
925 2854 1104 2930 sepulcreti
1135 2854 1256 2916 similis
1285 2856 1349 2916 luit
1370 2854 1458 2918 urbs.
1482 2857 1555 2918 Iam
1579 2872 1656 2918 vero
1679 2858 1730 2918 vir
1752 2855 1903 2918 maturior

686 2975 771 3034 hanc
794 2985 922 3045 quoque
945 2969 1029 3030 satis
1052 2970 1167 3044 aptam
1189 2967 1288 3030 hahet
1310 2969 1440 3031 iocandi
1462 2971 1638 3032 materiem
1661 2985 1767 3046 neque
1788 2971 1903 3046 specta·
1971 3031 1972 3050 χ

685 3086 812 3147 toribus
841 3098 883 3145 na
912 3097 953 3143 ea
981 3081 1155 3157 displiceat
1184 3086 1327 3145 veretur.
1358 3084 1519 3160 Perpetuo
1548 3083 1707 3145 nimirum
1739 3083 1779 3145 oh
1802 3081 1906 3145 oculos

684 3201 737 3260 his
766 3198 863 3260 annis
894 3196 1026 3257 versata
1055 3211 1147 3258 mors
1177 3199 1279 3258 exuta
1309 3197 1486 3259 maiestate
1510 3198 1611 3259 etiam
1636 3197 1768 3260 ludibrii
1791 3195 1903 3272 aliquid
1971 3165 1972 3250 Ῑ

684 3311 842 3391 praehere
864 3325 962 3387 posse
985 3309 1127 3372 videtur.

727 3427 799 3488 Hoc
828 3439 956 3499 quoque
986 3426 1119 3499 poetam
1151 3423 1330 3485 manifeste
1361 3424 1459 3500 fugit,
1489 3425 1640 3485 manium
1670 3424 1768 3486 sedes
1798 3419 1904 3485 cantui

682 3542 827 3617 risuique
850 3539 937 3600 haud
960 3539 1009 3599 ita
1026 3539 1141 3612 aptum
1159 3537 1316 3612 praehere
1335 3538 1459 3600 locum.
1478 3537 1573 3600 hlusa
1591 3539 1749 3601 nimirum
1769 3541 1903 3610 comica,
1971 3575 1972 3598 r

682 3669 765 3730 quae
788 3654 868 3716 olim
892 3653 926 3714 in
949 3651 1077 3728 patriae
1101 3651 1294 3713 carissimae
1316 3650 1387 3714 solo
1409 3651 1521 3727 aprico
1544 3653 1635 3713 laeta
1656 3651 1816 3729 lasciviit,
1837 3649 1904 3714 dein
1971 3695 1972 3732 p

680 3883 832 3957 regiones
855 3881 1054 3957 immensas,
1079 3879 1121 3941 ad
1144 3879 1338 3942 umbrarum
1363 3896 1501 3956 regnum
1521 3881 1655 3942 tandem
1674 3881 1858 3957 descendit,
1875 3879 1908 3938 ut
1971 3891 1972 3946 i

679 3997 748 4059 iilic
774 3996 950 4069 quaereret
971 3994 1005 4055 id
1028 3994 1114 4068 quod
1138 3995 1172 4055 in
1197 3995 1294 4056 terris
1317 4009 1382 4057 non
1405 3995 1474 4056 iam
1497 3998 1713 4072 compareret
1738 3995 1809 4058 Non
1833 4006 1907 4055 sane

679 4111 788 4172 tronto
829 4109 1009 4182 corrugata
1045 4106 1206 4168 defixisve
1248 4107 1353 4169 oculis
1393 4107 1473 4169 illuc
1507 4108 1692 4183 descendit,
1732 4141 1772 4150 -
1808 4110 1906 4170 immo
1971 4163 1972 4174 ,

681 4237 875 4300 quacunque
906 4221 1031 4282 incedit
1059 4221 1132 4298 illa,
1164 4222 1247 4282 artis
1269 4221 1383 4283 lumen
1406 4226 1440 4283 at
1462 4222 1562 4284 docus
1585 4237 1699 4284 secum
1723 4224 1845 4285 trahit!
1871 4249 1904 4262 -

680 4335 849 4401 descendit
867 4337 992 4396 tamen.
1012 4335 1114 4397 Laeta
1133 4335 1282 4411 saltatio,
1305 4349 1404 4409 quam
1423 4336 1543 4397 chorus
1560 4337 1651 4398 ducit
1669 4351 1747 4397 cum
1767 4337 1906 4413 primun

678 4451 868 4528 adspicitur,
910 4451 1117 4511 mortuorum
1159 4451 1211 4510 est
1245 4448 1396 4523 saltatio;
1432 4451 1598 4511 canticum
1633 4449 1715 4512 illud
1752 4451 1907 4513 festivum
1971 4485 1972 4498 η

677 4567 884 4627 mortuorum
908 4564 960 4623 est
979 4562 1161 4639 canticum,
1181 4562 1259 4624 lieet
1277 4562 1415 4624 funebre
1434 4562 1553 4624 haheat
1571 4562 1653 4624 nihil
1665 4578 1773 4640 nsque
1784 4565 1907 4627 ossium

678 4677 923 4754 comploserum
946 4675 1047 4749 aliqui
1066 4677 1140 4737 soni
1158 4677 1391 4753 percipiantur,
1413 4679 1451 4738 ut
1470 4679 1503 4738 in
1523 4679 1606 4738 artis
1624 4677 1804 4740 hodiernae
1817 4692 1909 4754 opere

679 4793 854 4855 notissimo
869 4787 901 4862 ¹).
925 4790 997 4852 Non
1020 4791 1122 4851 etiam
1147 4806 1201 4852 res
1224 4791 1355 4853 futuras
1372 4791 1531 4868 prospicit
1550 4791 1712 4869 comicus,
1738 4793 1797 4856 sod
1821 4805 1908 4870 prae·

714 5037 736 5099 ι)
752 5039 929 5096 saint-Ssdns,
946 5037 1018 5086 valna
1036 5036 1166 5084 meoabre.
