4375 6284
753 957 795 1004 nr
818 957 926 1003 uranu
949 951 1102 1002 resumo.
1475 939 1537 999 277

326 1133 355 1192 et
380 1129 625 1192 vwilamowitz
643 1126 675 1199 1).
707 1131 879 1191 Lacunosa
900 1132 981 1190 sunt
1003 1127 1183 1189 admodum
1209 1141 1270 1188 nec
1292 1127 1358 1188 nisi
1378 1142 1541 1203 perpauca

325 1243 419 1306 bonae
439 1245 547 1319 frugis
569 1244 738 1319 praebent.

362 1358 515 1419 Eiusdem
545 1356 616 1419 iere
645 1357 767 1419 aetatis
790 1360 842 1418 est
865 1357 1106 1432 fragmentum,
1132 1355 1249 1414 Aetam
1271 1353 1403 1415 rabulae
1426 1368 1543 1415 versus

323 1471 440 1545 aliquot
469 1469 695 1547 complexum,
728 1470 813 1544 quod
839 1471 872 1530 in
897 1470 1008 1531 Museo
1031 1469 1183 1530 Parisino
1206 1469 1398 1528 asservatur
1413 1463 1447 1538 0.
1472 1468 1541 1529 Sin·

321 1585 408 1658 gulae
438 1585 593 1661 paginae,
624 1583 714 1646 illius
744 1587 833 1646 certe
863 1584 947 1660 folii,
982 1583 1077 1644 cuius
1106 1596 1183 1658 pars
1214 1585 1322 1658 extat,
1354 1597 1472 1643 versus
1497 1583 1540 1643 42

321 1697 478 1758 habebant
500 1700 667 1759 exaratos.

359 1810 466 1871 Etiam
498 1811 621 1872 codicis
650 1810 776 1872 saeculi
806 1801 846 1872 Xi
866 1811 1092 1886 fragmentum
1119 1810 1295 1870 inventum
1318 1809 1436 1879 settin
1459 1809 1539 1870 Lau-

317 1926 465 1986 rentiano
485 1926 539 2001 60,
552 1927 595 2002 9),
614 1926 671 1986 sed
691 1926 888 2002 rescriptum
907 1927 942 1985 et
961 1925 1019 1984 vix
1040 1925 1141 1986 etiam
1164 1923 1259 2000 utile,
1281 1939 1398 1986 versus
1416 1925 1539 1986 Avium

317 2040 487 2114 sexaginta
510 2038 755 2110 (laea-1453)
781 2043 946 2112 utcunque
969 2031 1176 2104 exhibene’l.

357 2153 530 2215 Praeterea
559 2152 768 2214 saeculorum
798 2150 1002 2212 XIII-XVI
1032 2151 1162 2213 codices
1191 2153 1309 2212 extant
1338 2153 1475 2213 centum
1507 2155 1541 2214 et

315 2266 454 2342 amplius
486 2261 621 2327 Plutum
655 2269 689 2327 et
722 2265 828 2328 Nubes
865 2266 1092 2340 eontinentea;
1128 2279 1268 2339 quorum
1307 2266 1402 2340 pauci
1436 2266 1539 2327 etiam

315 2379 434 2458 honae,
474 2380 610 2456 aqueae,
646 2380 737 2456 Aves,
775 2379 871 2456 paulo
906 2379 1018 2455 plures
1053 2378 1166 2440 Ranae
1199 2384 1234 2440 et
1264 2379 1404 2456 Equites,
1440 2381 1539 2441 multi

314 2491 422 2556 Ranae
461 2494 726 2569 complectuntur
751 2491 787 2565 ⁴).
822 2493 871 2554 Ex
905 2509 970 2568 qua
1004 2493 1169 2568 farragine
1202 2493 1317 2570 lectio,
1351 2494 1404 2554 oui
1438 2509 1537 2554 suum

313 2607 424 2686 etiam,
457 2611 634 2683 postquam
664 2610 818 2670 accurate
846 2607 1010 2683 explorati
1039 2608 1120 2666 sunt
1146 2606 1175 2666 R
1208 2609 1242 2667 et
1276 2606 1314 2682 V,
1350 2609 1439 2667 esset
1469 2622 1537 2682 pre·

314 2721 408 2796 tium,
436 2721 601 2782 haetenus
623 2721 744 2797 prodiit
766 2720 873 2798 nulla,
897 2735 1002 2794 neque
1026 2720 1097 2781 veri
1119 2720 1248 2781 videtur
1269 2719 1380 2780 simile
1402 2722 1539 2794 posthac

311 2835 522 2907 prodituram.
547 2834 806 2896 Emendationes
829 2834 904 2895 inde
928 2833 1067 2910 proferri
1094 2836 1234 2908 possunt
1257 2848 1336 2895 sane
1359 2832 1536 2910 plurimae,

312 2949 365 3009 sed
393 2949 480 3011 tales
515 2948 729 3025 potissimum
761 2947 875 3023 quales
909 2961 1027 3008 omnes
1061 2946 1215 3007 omnibus
1244 2945 1390 3008 saeculis
1417 2951 1537 3023 sponte

311 3062 509 3125 invenerunt
531 3063 767 3138 Aristophanis
789 3062 939 3123 lectores.

352 3177 402 3238 Ex
425 3180 455 3238 A
478 3191 554 3238 vero
578 3179 611 3238 et
630 3178 659 3234 Γ
672 3177 761 3237 haud
780 3191 897 3253 parurn
917 3176 999 3237 lueri
1019 3175 1116 3235 duxit
1134 3177 1250 3235 textus
1270 3174 1534 3237 Aobumeaeium.

310 3289 389 3352 llam
422 3289 547 3351 leviora
577 3293 613 3351 ut
642 3291 792 3366 mittam,
818 3289 929 3365 qualia
951 3293 1029 3350 sunt
1053 3289 1135 3350 Aeh.
1160 3290 1202 3350 85
1230 3286 1330 3361 ὅλους]
1356 3284 1467 3362 ὀπτοὺς
1490 3290 1534 3367 R,

311 3403 371 3464 279
394 3403 581 3482 κρεμήσεται]
605 3403 843 3480 κρεμασθήοειαι
867 3402 909 3479 R,
935 3437 976 3448 -
1001 3401 1081 3463 talia
1104 3403 1193 3463 enim
1218 3402 1340 3464 codicis
1363 3402 1392 3462 R
1414 3404 1535 3464 menda

309 3521 492 3592 arguuntur
521 3521 644 3593 metro,
677 3551 717 3561 -
749 3520 785 3578 at
814 3518 934 3578 desunt
962 3517 996 3576 in
1028 3516 1056 3576 R
1087 3531 1205 3577 versus
1229 3516 1405 3578 875-877
1430 3531 1534 3592 paene

309 3630 381 3707 toti,
407 3634 441 3692 et
463 3647 581 3692 versus
605 3632 681 3707 917,
710 3631 806 3706 1087,
834 3631 929 3705 1141,
958 3631 1041 3690 1177
1067 3623 1179 3699 ιοῖίἣ.

349 3744 504 3806 Nonnihil
527 3747 561 3806 in
584 3743 761 3822 hesionam
782 3744 920 3806 debetur
938 3743 1041 3805 codici
1065 3745 1107 3802 1⁷:
1128 3743 1193 3804 352
1213 3741 1300 3817 ἰδεῖν]
1322 3758 1386 3805 orn.
1407 3745 1445 3822 R,
1466 3746 1531 3806 866

308 3857 475 3931 κονδύλοις]
511 3858 668 3930 δακτύλοις
697 3859 735 3936 R,
767 3859 832 3919 408
864 3861 897 3920 et
927 3858 992 3919 613
1024 3855 1224 3929 ἐπεσκεύασας
1253 3861 1287 3918 ot
1316 3854 1438 3934 opina]
1473 3856 1532 3918 ἰσκ.

339 4153 357 4214 ¹)
374 4159 491 4207 Berliner
508 4156 712 4207 Kleeeihertexte
729 4159 759 4217 V,
776 4159 801 4218 8,
819 4161 893 4216 1807,
910 4161 1035 4207 att-112.

338 4233 356 4298 ¹)
375 4239 463 4287 Edidit
484 4239 549 4287 Weil
571 4240 633 4287 Rev.
656 4240 689 4285 de
707 4236 802 4286 Philol.
821 4241 886 4287 1881
904 4253 930 4299 p.
949 4239 1091 4287 lta-185.
1109 4239 1229 4298 Optimae
1244 4236 1372 4285 leotionee
1389 4239 1431 4287 hio
1449 4241 1530 4289 codex

307 4317 414 4374 praebet
431 4332 468 4366 vs.
487 4319 553 4366 1078
571 4321 599 4365 et
617 4319 691 4367 1080.

336 4391 357 4455 ²)
374 4397 462 4446 Edidit
479 4395 537 4446 Keil
554 4395 581 4444 in
602 4399 699 4446 Herme
719 4398 782 4446 1891
802 4411 828 4458 p.
847 4397 990 4444 ine-ite.

337 4471 357 4532 ⁴)
375 4477 472 4525 Horum
497 4479 697 4537 oeterorumque
719 4477 840 4525 oodionm
863 4475 1057 4536 Aristophanis,
1075 4476 1120 4536 qui
1138 4475 1267 4524 haetenus
1285 4481 1348 4525 eunt
1365 4475 1482 4537 indagati
1498 4505 1530 4514 -

306 4558 460 4615 exemplaria
477 4558 556 4605 etiem
573 4555 755 4605 recentissime
775 4559 801 4604 et
817 4569 887 4616 qnae
906 4556 1007 4603 eoholie
1024 4557 1080 4602 sole
1097 4555 1137 4603 vel
1156 4555 1303 4603 fabularum
1322 4560 1411 4617 partes
1428 4561 1530 4607 tentum

307 4634 426 4691 praebent
442 4649 503 4684 oum
520 4639 691 4684 numerentur
708 4639 811 4694 ennete,
828 4635 941 4682 ducente
956 4638 983 4682 et
996 4635 1171 4694 quadraginta
1185 4638 1247 4682 eunt
1263 4637 1362 4682 iere-
1380 4636 1529 4697 oelelogum

305 4713 497 4773 integerrimum
521 4719 549 4763 et
570 4718 632 4776 epte
655 4715 813 4776 dispositum
837 4715 971 4774 evulgavit
988 4715 1009 4760 1.
1027 4715 1065 4761 W.
1083 4714 1168 4762 white
1191 4712 1219 4761 in
1244 4716 1304 4762 novi
1326 4716 1412 4763 Musei
1435 4717 1530 4776 aritini,

306 4790 346 4838 oei
367 4807 459 4843 nomen
482 4795 609 4844 Oleseieel
631 4795 778 4855 Philology,
800 4793 932 4842 volumine
955 4794 1041 4854 primo
1062 4792 1198 4856 (Obioego,
1223 4796 1307 4853 1008).
1330 4795 1387 4851 Quo
1405 4795 1529 4857 inopere

305 4869 442 4923 utilissimo
456 4874 555 4922 multoe
568 4886 670 4922 errores
684 4875 798 4922 surrexit
810 4876 837 4922 et
852 4874 930 4921 multi
944 4870 1056 4930 codices,
1071 4870 1119 4930 qui
1132 4870 1213 4919 veriie
1222 4875 1529 4936 nominibuelitterieque

306 4965 319 4998 ι
335 4954 412 5002 verite
428 4952 575 5003 editoribus
591 4957 653 5003 eunt
670 4955 809 5014 designati,
826 4967 878 5013 qno
895 4954 952 5001 looo
969 4953 1021 4999 iem
1040 4959 1208 4999 asserventur
1224 4951 1358 5001 indicavit.

334 5029 356 5090 ⁵)
375 5033 496 5083 Versibus
515 5035 579 5081 llil
598 5039 625 5082 et
642 5034 706 5082 1177
725 5031 851 5080 librarius
868 5031 967 5080 oodioie
985 5034 1006 5080 R
1022 5032 1140 5092 epatium
1157 5035 1229 5079 eerte
1245 5031 1363 5092 reliquit.
