4375 6284
758 969 837 1014 vrrs
860 970 900 1014 rr
923 968 1092 1015 ornareris.
1476 956 1538 1016 137

325 1141 376 1201 sed
408 1155 483 1202 cum
517 1140 643 1203 civium
681 1155 818 1202 suorum
852 1139 1014 1216 moribus,
1052 1174 1093 1185 -
1125 1139 1194 1203 veri
1228 1141 1347 1216 quippe
1382 1142 1541 1216 appetens

326 1269 420 1329 noque
446 1255 603 1316 beroinas
633 1254 792 1316 heroesve
823 1267 894 1330 eos,
926 1254 981 1329 qui
1003 1256 1120 1316 extare
1142 1269 1313 1329 nunquam
1336 1255 1540 1331 potuissent,

325 1369 354 1428 iu
371 1367 538 1444 proscenio
556 1366 716 1428 exhibere
732 1366 882 1443 cupiens,
902 1368 960 1428 sed
977 1367 1130 1431 homines
1145 1368 1293 1430 bumana
1308 1368 1492 1444 cogitantes
1508 1369 1541 1428 et

325 1483 465 1558 egentes,
489 1482 644 1542 homines
665 1479 780 1554 quales
803 1482 892 1542 sunt.
923 1481 961 1541 In
985 1481 1241 1543 Atheniensium
1265 1483 1379 1543 eutem
1402 1497 1442 1542 ea
1463 1479 1536 1542 clvi·

323 1595 397 1670 tate,
420 1609 510 1671 quae·
527 1594 591 1655 iult
612 1592 747 1655 saeculo
770 1593 887 1668 quinto
910 1597 1068 1672 exeunte,
1092 1610 1188 1657 soror
1206 1595 1300 1656 tratri
1318 1609 1431 1656 amore
1450 1593 1541 1668 iungi

322 1721 380 1768 non
406 1710 538 1783 poterat
567 1708 640 1768 sine
662 1707 858 1783 turpissimo
883 1710 998 1769 contra
1020 1709 1124 1771 bonos
1150 1723 1260 1771 mores
1282 1709 1455 1784 ipsamque
1478 1707 1541 1783 pie·

321 1823 416 1883 batem
447 1821 584 1897 delicio;
617 1821 820 1884 dementium
852 1822 935 1882 talis
964 1826 1116 1885 orantei
1146 1839 1242 1886 caeco
1265 1823 1410 1884 libidinis
1431 1823 1541 1884 lurore

322 1937 570 2012 aegrotantium.
601 1937 639 1997 In
669 1950 746 1998 aem
776 1935 898 2012 vitam,
929 1951 1028 2011 quam
1053 1937 1209 1999 vivebant
1232 1940 1348 2014 poetae
1371 1935 1538 2013 aequales,

321 2052 489 2125 postquam
520 2050 720 2112 aberrarunt
749 2049 919 2111 Macareus
941 2052 976 2112 et
998 2049 1140 2130 canace,
1164 2066 1270 2128 neque
1292 2066 1388 2113 mens
1411 2050 1453 2111 lis
1475 2050 1542 2111 alle

322 2164 421 2238 potuit
442 2179 517 2226 esse
540 2178 647 2238 neque
668 2177 759 2241 sors,
783 2165 883 2237 atque
905 2160 974 2225 illio
998 2167 1032 2226 et
1054 2162 1142 2228 filiae
1165 2165 1249 2227 Iusti
1271 2165 1361 2226 illius
1383 2164 1466 2226 civis
1488 2163 1542 2225 vel

324 2276 472 2338 lieltoris
500 2275 736 2352 Aristophanei
766 2275 880 2336 futura
910 2279 996 2354 erat,
1029 2278 1059 2338 si
1089 2278 1217 2340 incesto
1249 2293 1362 2340 amore
1392 2279 1480 2339 inter
1504 2292 1541 2338 se

321 2393 475 2452 amarent.
510 2391 689 2466 Ignoscere
718 2389 821 2465 igitur
851 2403 917 2450 non
947 2391 1057 2467 potuit
1086 2391 1211 2454 Aeolus
1240 2391 1368 2468 liberie,
1393 2391 1449 2466 qui
1470 2392 1541 2452 tam

320 2507 541 2579 portentosum
571 2505 605 2564 in
635 2518 672 2565 se
702 2502 919 2566 admisissent
948 2504 1128 2584 flagitium,
1153 2539 1194 2550 -
1219 2506 1341 2569 nedum
1369 2506 1402 2567 id
1428 2504 1542 2581 probs·

321 2620 383 2679 reti
404 2651 444 2662 -
463 2616 590 2694 prolem
609 2615 704 2679 foedo
721 2616 873 2692 coniugio
889 2617 1036 2693 genitam
1053 2633 1120 2681 nou
1135 2620 1245 2696 potuit
1261 2635 1326 2683 non
1342 2619 1542 2695 abominari,

321 2734 454 2792 matrem
485 2731 584 2791 istius
615 2729 717 2806 prolis
740 2731 812 2791 vita
840 2730 956 2792 babuit
977 2731 1147 2808 indignam
1162 2778 1169 2796 .
1184 2779 1192 2795 .
1206 2778 1213 2794 .
1228 2736 1262 2795 et
1284 2735 1392 2795 morte
1415 2732 1543 2810 puellae

321 2847 523 2907 miserrimae
545 2844 676 2906 finitum
701 2847 753 2906 est
775 2844 905 2923 drama,
931 2846 1024 2908 cuius
1046 2847 1182 2909 initium
1202 2847 1326 2909 lecerat
1344 2848 1436 2909 dirus
1453 2847 1545 2908 furor

320 2960 510 3021 mortalium
533 2974 649 3022 amore
671 2963 935 3022 occaecatorum.

361 3074 430 3136 tlon
459 3074 546 3148 quod
576 3072 663 3149 apud
686 3072 875 3150 Euripidem
898 3073 1029 3135 iuvenis
1052 3089 1167 3137 amore
1191 3074 1347 3137 efferatus
1370 3074 1453 3136 talia
1474 3074 1543 3137 iere

318 3187 438 3251 diceret
470 3189 582 3264 qualis
616 3191 650 3252 in
685 3187 834 3249 Nubibus
870 3187 985 3250 tabula
1018 3187 1174 3250 alumnus
1208 3189 1451 3267 sophistarum,
1488 3189 1544 3250 sed

317 3304 399 3376 quod
421 3306 520 3365 bomo
542 3305 655 3366 animo
673 3303 787 3365 saucio
805 3302 1007 3379 impotenter
1024 3302 1151 3379 furens,
1172 3303 1287 3378 quales
1305 3303 1410 3378 ipsius
1426 3305 1542 3380 poetae

317 3431 435 3478 aevum
466 3418 570 3479 nimis
603 3417 730 3481 multos
766 3416 883 3493 ferret,
925 3417 1109 3492 primarum
1146 3417 1291 3494 partium
1326 3418 1360 3479 in
1393 3416 1544 3478 dramate

314 3532 435 3606 tragico
469 3535 560 3594 esset
593 3532 703 3593 iactus
739 3533 772 3592 et
806 3530 841 3590 ln
873 3533 969 3606 turpe
999 3531 1163 3606 ilagltium
1181 3531 1416 3593 adolescentis
1446 3545 1544 3592 caeos

315 3644 444 3708 libidine
474 3645 605 3707 incensi
634 3646 765 3706 mutata
799 3648 890 3705 esset
920 3644 1033 3706 fabula
1059 3645 1220 3722 simplex,
1245 3659 1344 3719 quem
1369 3643 1545 3721 praebebat

316 3774 445 3822 carmen
470 3761 658 3835 vetustum,
682 3759 714 3819 id
738 3758 887 3834 graviter
909 3758 1036 3819 larebat
1058 3761 1157 3834 poeta
1180 3759 1341 3836 comicus,
1363 3760 1396 3819 et
1419 3757 1544 3834 optimo

314 3874 457 3948 prolecto
493 3873 565 3935 iure
600 3871 734 3935 terebat.
768 3871 852 3933 Nam
888 3887 927 3933 eo
968 3873 998 3932 si
1032 3872 1242 3947 pervenisset
1275 3871 1446 3947 Euripides
1479 3887 1544 3946 quo

315 3988 453 4049 vocabat
482 3987 671 4063 ingenium,
695 4000 737 4047 ex
769 3988 843 4060 ipsa
865 3986 1054 4061 aequalium
1079 3987 1150 4047 vita
1173 3986 1393 4047 desumslsset
1416 3986 1544 4048 drama·

312 4101 387 4161 tum
415 4100 606 4175 materiem,
641 4098 827 4174 priscarum
859 4097 1048 4159 fabularum
1079 4098 1220 4160 historia
1250 4100 1376 4176 relicte,
1403 4134 1442 4144 -
1473 4101 1544 4162 slve

313 4229 332 4273 a
362 4214 489 4276 civibus
521 4213 715 4289 probaretur
746 4226 786 4273 ea
815 4213 960 4274 mutatio
990 4213 1094 4274 moris
1124 4212 1222 4288 longo
1252 4229 1314 4275 usu
1345 4216 1542 4291 consecrati,

311 4329 385 4390 sive
414 4345 480 4392 uon
516 4327 718 4404 probaretur,
752 4360 791 4370 -
818 4329 851 4388 et
885 4327 934 4387 sic
964 4328 1159 4402 perfecisset
1189 4343 1272 4404 opus
1302 4344 1323 4389 a
1353 4343 1451 4390 musa
1480 4328 1542 4389 sibi

312 4443 519 4504 mandatum.
552 4440 644 4502 Nunc
673 4441 751 4503 novi
782 4440 905 4502 saeculi
937 4443 1044 4502 artem
1077 4441 1209 4503 eminus
1237 4441 1371 4501 tantum
1400 4439 1484 4500 vidit
1510 4443 1544 4500 et

312 4557 406 4616 viam
439 4557 469 4618 ei
505 4556 645 4631 paravit.
681 4555 753 4616 Non
787 4555 872 4629 quod
910 4554 1034 4615 delicta
1067 4553 1260 4614 mortalium
1295 4553 1408 4614 saevis
1442 4554 1544 4614 animi

310 4669 484 4731 affeefibus
508 4668 721 4745 abreptarum
745 4669 778 4728 in
802 4668 964 4729 dramatis
987 4667 1147 4745 ostendit,
1173 4666 1230 4728 sed
1254 4666 1339 4742 quod
1359 4666 1543 4728 Macareum

310 4788 342 4842 ei
374 4782 525 4845 Canacen
560 4785 593 4844 et
628 4782 768 4844 Aeolum
802 4782 934 4843 vocavit
966 4781 1120 4842 bominee
1155 4780 1231 4841 illos
1266 4780 1367 4840 nimis
1398 4778 1544 4839 bumana

310 4913 430 4971 passos
471 4897 717 4971 cothurnosque
756 4895 797 4956 iis
835 4895 956 4972 induit,
993 4895 1025 4956 id
1060 4899 1112 4956 est
1147 4895 1231 4970 quod
1266 4894 1481 4972 exprobravit
1514 4897 1542 4956 ei

309 5009 566 5087 Aristophanes,
590 5011 629 5070 ut
651 5009 869 5070 inclementer
890 5009 940 5070 eie
963 5008 1179 5069 festivissime
1203 5023 1351 5084 carpens.
