4375 6284
738 963 824 1008 orca
846 961 885 1006 m
909 959 1077 1006 camisos.
1455 941 1518 1003 143

317 1142 346 1201 iu
368 1139 465 1201 maris
485 1138 586 1200 tundo
608 1137 796 1212 quaerenda
816 1137 905 1210 erat;
930 1135 1099 1196 extinctae
1121 1135 1216 1195 erant
1239 1132 1365 1194 multae
1387 1145 1405 1192 e
1428 1133 1528 1209 gentl-

319 1256 371 1314 bus
397 1251 569 1314 nobilibus.
599 1251 764 1314 Homines
792 1250 894 1312 etlam
925 1247 1060 1324 plurimi
1083 1249 1179 1308 erant
1204 1246 1360 1322 Athenis,
1384 1245 1441 1307 sed
1465 1246 1532 1307 leto

317 1366 386 1427 dats
401 1368 469 1428 erat
487 1366 605 1427 melior
622 1364 771 1426 ciuitatis
789 1378 881 1440 pars,
902 1362 1291 1424 Marathouomachorum
1309 1375 1414 1437 genus
1435 1359 1530 1436 illud,

318 1479 392 1552 quod
412 1495 453 1541 ex
475 1480 559 1556 ipsis
581 1479 713 1541 Atticae
738 1478 828 1539 aruis
851 1478 1059 1553 promoverat
1075 1471 1109 1547 ¹).

353 1707 494 1784 Triginta
534 1707 597 1768 viri
630 1722 707 1768 cum
740 1706 913 1768 ciuitatem
947 1720 1004 1781 per
1038 1718 1171 1766 menses
1206 1703 1333 1779 aliquot
1366 1703 1464 1766 caede
1497 1706 1531 1764 et

317 1822 429 1897 rapinis
455 1822 686 1898 miscuissent,
711 1819 798 1896 pulsi
820 1822 899 1882 sunt
923 1819 1126 1896 chresimon
1148 1818 1304 1895 populare
1327 1820 1379 1878 est
1401 1818 1531 1878 restitu-

315 1939 394 2012 tum,
433 1935 646 1998 sanctissimo
687 1936 799 1996 autern
842 1933 1051 1995 iureiurando
1092 1933 1179 1994 inter
1213 1948 1249 1994 se
1283 1931 1534 1994 obstrinxerunt

316 2051 540 2127 Athenienses,
572 2049 724 2112 concordi
753 2048 873 2110 exinde
895 2048 1009 2110 animo
1032 2062 1069 2108 se
1091 2063 1163 2109 rem
1186 2047 1353 2123 publicam
1375 2047 1532 2122 guberna·

315 2167 414 2241 turos,
434 2162 542 2227 deleta
560 2177 671 2225 rerum
691 2162 945 2238 praeteritarum
964 2161 1136 2223 memoria.
1160 2161 1252 2222 Ticis
1270 2164 1342 2222 erat
1359 2160 1531 2222 turbarum

315 2276 473 2352 cirilinm;
504 2278 562 2339 sed
592 2291 666 2340 sero
696 2277 788 2339 veuit
810 2291 850 2339 es
873 2275 980 2353 quies,
1004 2290 1083 2336 nam
1109 2276 1227 2352 Sparta
1249 2276 1315 2337 iam
1339 2276 1372 2336 ln
1395 2275 1533 2337 Graecia

315 2390 547 2468 dominabatur,
571 2391 825 2452 Atheniensium
848 2390 979 2451 civitati
1002 2390 1124 2450 succisi
1147 2393 1242 2451 erant
1263 2389 1367 2450 nerui.

354 2503 538 2581 Torpebant
558 2503 626 2567 illic
648 2518 703 2566 res
725 2502 886 2580 publicae,
911 2504 945 2564 et
967 2503 1143 2580 praecipua
1165 2503 1234 2564 iarn
1251 2518 1332 2565 cura
1349 2505 1421 2564 erat
1431 2501 1535 2564 diaria

315 2619 493 2690 quaerendi.
517 2619 667 2680 Athenas
689 2620 800 2679 aetate
817 2617 1050 2678 Themistoclis
1068 2632 1243 2694 prosperas
1260 2616 1446 2679 reddiderat
1457 2631 1535 2692 ager

316 2729 390 2793 bene
412 2732 536 2809 cultus,
559 2730 696 2794 Periclis
718 2733 828 2794 aetate
848 2732 1011 2793 ditaverat
1034 2731 1169 2792 classis:
1189 2730 1388 2807 Thrasybuli
1405 2729 1535 2792 civibus

314 2845 500 2921 aeqnahbus
517 2846 635 2908 classis
654 2859 719 2906 uon
737 2847 819 2922 erat,
839 2859 916 2921 ager
936 2847 1048 2907 autem
1067 2845 1191 2907 misere
1207 2845 1378 2920 neglectus
1397 2844 1533 2906 iacebat.

315 2959 417 3021 careri
449 2960 518 3022 ium
552 2975 618 3022 non
646 2962 775 3036 poterat
803 2973 885 3021 auro
914 2957 1141 3036 barbarorum,
1172 2959 1391 3021 libentissime
1422 2962 1532 3020 autern

314 3073 434 3152 Persia,
475 3076 514 3135 ut
550 3074 630 3136 olim
666 3074 803 3149 Spartae
837 3071 984 3135 subsidia
1017 3072 1215 3148 praebuerat
1248 3073 1288 3134 ad
1321 3071 1535 3134 debellandas

313 3188 470 3265 Athenas,
489 3188 540 3249 slc
558 3203 647 3249 nunc
665 3186 824 3249 adversus
843 3186 996 3263 Spartam
1015 3187 1116 3248 ulmis
1135 3200 1326 3263 prosperam
1344 3201 1440 3263 opem
1457 3186 1534 3247 tulit

313 3302 462 3374 Athenis,
493 3317 560 3364 uon
583 3301 729 3378 amplius
751 3300 905 3363 videlicet
926 3301 991 3362 sibl
1014 3301 1210 3364 metuendis.
1228 3301 1342 3376 Itaque
1362 3316 1447 3363 anno
1467 3301 1532 3362 894

313 3417 441 3478 moenia
468 3416 677 3477 Athenarum
706 3414 865 3476 restituta
893 3417 973 3476 sunt
995 3413 1223 3477 munificentia
1243 3415 1455 3492 Artaxerxis,
1480 3415 1535 3489 qui

313 3529 551 3606 quinquaginta
580 3529 772 3590 talenta-
797 3530 928 3590 tantum
960 3527 1028 3589 tere
1057 3531 1219 3603 quantum
1250 3529 1345 3605 peplo
1368 3529 1534 3590 Minervae

312 3643 515 3721 impenderat
544 3641 625 3704 olim
655 3641 799 3704 Pericles
821 3673 865 3684 —
888 3657 931 3703 ex
959 3643 1086 3704 aerario
1117 3656 1176 3703 sno
1207 3643 1367 3718 praebuit.
1398 3641 1534 3718 Iamque

313 3759 419 3818 erecta
437 3756 545 3819 denno
564 3757 684 3818 civitas
702 3755 958 3817 Atheniensium
977 3756 1113 3830 Spartae
1135 3755 1246 3817 stabat
1269 3757 1434 3834 opposita,
1455 3756 1534 3832 pris·

313 3871 390 3932 tinis
413 3875 527 3933 autem
551 3870 694 3932 inimicis
716 3869 882 3931 Thebanis
905 3870 938 3931 et
960 3868 1138 3931 Corinthiis
1160 3870 1298 3932 sociata.

900 4094 942 4154 11.

351 4283 464 4345 Etiam
487 4286 600 4343 minus
618 4284 698 4343 tnnc
716 4296 815 4356 quam
835 4280 914 4342 olim
934 4284 1050 4358 poetae
1068 4283 1194 4344 comico
1207 4282 1402 4359 placuerunt
1414 4283 1535 4347 civium

310 4395 342 4455 in
375 4412 412 4458 re
450 4395 581 4472 publica
614 4395 818 4470 capessenda
848 4395 995 4457 consilia.
1027 4397 1088 4457 Sed
1121 4397 1243 4458 dudum
1274 4397 1433 4458 didicerat
1455 4396 1536 4458 talia

310 4511 468 4587 aversari,
493 4512 528 4571 et
549 4509 750 4586 placiditatis
769 4508 891 4583 aliquid
911 4509 940 4570 ei
959 4509 1120 4571 attulerat
1137 4512 1231 4571 actas
1242 4511 1412 4572 maturior.
1425 4511 1537 4571 Novae

310 4627 420 4687 autem
462 4624 678 4698 quaestiones
711 4623 768 4686 illo
801 4628 950 4699 tempore
984 4625 1110 4685 moueri
1145 4625 1223 4685 snut
1257 4628 1406 4700 coeptae,
1441 4625 1537 4685 novis

310 4738 429 4799 studiis
450 4737 555 4798 animi
572 4737 745 4799 hominum
765 4736 1040 4812 incendebantur;
1059 4751 1143 4810 quae
1163 4737 1266 4812 ipsius
1285 4752 1412 4811 quoque
1424 4738 1536 4799 oculos

311 4849 343 4910 ic
363 4865 402 4912 se
425 4852 669 4914 converterunt.

344 5031 364 5095 ¹)
381 5037 464 5085 locor.
481 5036 531 5086 vn
548 5036 563 5096 1
580 5037 621 5084 88.
