4375 6284
600 971 620 1030 6
1121 984 1163 1030 nr
1185 983 1311 1030 661111

640 1154 749 1217 161616
780 1154 848 1216 1661
878 1154 967 1217 iacta
995 1155 1068 1216 erat
1097 1153 1188 1215 61661
1219 1153 1293 1216 1166
1322 1155 1394 1215 6161
1423 1154 1526 1216 etiam
1554 1155 1719 1219 incertum
1749 1159 1827 1233 quid

598 1268 677 1328 anni
707 1268 850 1342 proximi
880 1267 1013 1329 allaturi
1047 1270 1170 1329 666661.
1204 1268 1328 1328 Aestus
1355 1266 1435 1328 belli
1464 1269 1581 1330 Medici
1613 1269 1643 1330 si
1674 1271 1829 1332 civitates

599 1382 740 1443 Graecas
773 1383 807 1444 in
842 1398 943 1444 unam
978 1382 1150 1443 nationem
1187 1382 1378 1459 conflasset,
1414 1381 1509 1443 cuius
1543 1383 1681 1445 nucleus
1716 1388 1830 1447 essent

597 1497 761 1572 Athenae,
792 1495 1000 1572 splendidam
1031 1498 1156 1557 sortem
1187 1496 1263 1558 huic
1292 1495 1398 1572 genti,
1429 1495 1482 1556 cui
1504 1497 1619 1556 sordes
1641 1499 1830 1559 exussisset

598 1608 686 1683 ignis
716 1608 931 1684 calamitatis,
965 1609 1205 1685 promittebant
1239 1611 1390 1685 tempora
1422 1607 1549 1669 1616161
1582 1643 1624 1653 -
1651 1611 1717 1672 1661
1750 1628 1829 1673 1616

600 1736 665 1782 666
703 1723 789 1783 66116
828 1721 984 1783 valebant
1021 1722 1197 1783 hominum
1235 1722 1374 1783 consilia
1409 1723 1563 1796 quamvis
1597 1724 1699 1798 proba
1731 1727 1831 1799 atque

599 1835 787 1912 prudentia,
818 1849 884 1896 non
911 1835 995 1896 66116
1021 1834 1154 1896 valebat
1176 1850 1272 1896 amor
1296 1835 1461 1896 fraternus
1490 1835 1611 1898 bellive
1636 1837 1760 1916 horror,
1789 1840 1831 1899 ad

598 1947 836 2025 prohibendum
868 1948 901 2009 id
931 1948 1017 2022 quod
1051 1946 1122 2010 fleri
1151 1947 1285 2010 iubebat
1314 1949 1397 2010 dura
1426 1950 1625 2027 necessitas,
1655 1953 1693 2012 61
1722 1952 1832 2012 661166

599 2063 691 2124 66166
721 2064 934 2124 sumerentur
963 2077 1058 2124 arma
1087 2062 1129 2123 ad
1158 2062 1379 2124 dirimendam
1410 2063 1635 2141 simultatem,
1659 2079 1741 2138 quae
1764 2080 1832 2126 non

600 2178 714 2253 posset
736 2175 899 2252 componi.

644 2291 727 2352 Vere
751 2292 915 2366 tragicum
940 2293 1000 2352 hoc
1028 2290 1142 2351 11611611
1165 2290 1364 2352 Graecorum
1387 2291 1510 2369 161661,
1536 2292 1621 2367 quod
1645 2293 1679 2353 in
1702 2291 1832 2352 malum

599 2407 640 2466 iis
664 2407 837 2466 verterunt
859 2405 1172 2479 praestantissimae
1194 2405 1319 2465 meniis
1341 2405 1530 2480 ingeniique
1548 2406 1652 2467 dotes.
1672 2405 1834 2480 Flagrans

600 2520 656 2581 1116
677 2517 840 2580 libertatis
860 2532 962 2593 amor,
977 2517 1032 2592 qui
1044 2517 1208 2578 Leonidae
1220 2520 1368 2578 armatos
1380 2518 1677 2593 Themistoclisque
1689 2519 1838 2594 remiges

599 2633 754 2694 incitavit
788 2631 822 2691 in
856 2632 944 2692 66161
973 2629 1119 2691 Asianas
1148 2645 1209 2690 nec
1239 2631 1327 2690 vinci
1361 2631 1442 2691 61111
1470 2646 1490 2691 6
1520 2633 1608 2707 regis
1639 2632 1832 2707 mancipiis,

601 2745 768 2823 prohibuit
802 2744 980 2818 quominus
1013 2745 1091 2820 6661
1129 2758 1306 2804 commune
1345 2745 1529 2820 periculum
1569 2746 1764 2822 superatum
1798 2746 1837 2806 in

599 2875 702 2922 unam
726 2859 896 2920 nationem
920 2857 1198 2932 coniungerentur
1220 2857 1347 2919 Graeci.
1375 2859 1485 2919 Liberi
1507 2873 1583 2920 esse
1605 2857 1775 2934 volebant,
1799 2861 1837 2919 et

601 2975 729 3036 multae
751 2971 907 3034 civitates
930 2970 1073 3032 Graecae
1095 2971 1195 3047 bella,
1220 2987 1359 3047 quorum
1379 2987 1482 3033 unum
1503 2971 1602 3033 116616
1625 2972 1833 3049 propositum

600 3089 663 3150 sibi
695 3088 846 3149 viderent
878 3085 1005 3148 cladem
1037 3088 1070 3147 61
1100 3090 1257 3162 16611616,
1283 3087 1428 3148 66166166
1457 3088 1491 3147 61
1514 3086 1663 3148 16166166
1686 3087 1837 3148 16161661

600 3203 691 3279 61166
713 3217 814 3275 66616
838 3201 1003 3262 libertatis
1026 3201 1173 3276 aliquam
1197 3203 1326 3276 6611616
1349 3201 1490 3261 16166616
1513 3201 1677 3274 16661661;
1697 3201 1756 3261 sed
1775 3216 1834 3264 eos

601 3317 737 3378 demum
770 3329 845 3377 1616
875 3314 996 3376 liberos
1026 3329 1101 3375 esse
1132 3314 1301 3390 homines,
1333 3315 1389 3388 661
1419 3313 1506 3375 16616
1536 3317 1686 3390 16616616
1716 3315 1835 3374 61666

600 3433 718 3506 666616
734 3429 844 3490 661661
856 3430 984 3503 cedere,
1005 3427 1194 3489 absolutam
1207 3428 1295 3488 enim
1307 3427 1472 3503 nullisque
1484 3427 1625 3488 vinculis
1636 3427 1834 3488 adstrictam

600 3545 790 3605 libertatem
814 3542 952 3603 deorum
977 3556 1064 3616 6666,
1090 3556 1157 3602 666
1175 3540 1385 3616 mortalium,
1406 3541 1440 3601 id
1459 3555 1525 3602 non
1544 3541 1627 3601 66116
1645 3543 1834 3602 senserunt.

600 3659 716 3732 116666
747 3657 847 3719 robur
878 3657 959 3718 illud
991 3659 1160 3733 vegetum,
1192 3672 1256 3731 quo
1287 3655 1420 3732 1666166
1449 3656 1562 3717 Ρ61616
1592 3655 1695 3715 611616
1719 3656 1834 3730 666166

599 3773 707 3835 166161
736 3772 937 3850 1666116616,
972 3771 1164 3832 absumtum
1196 3774 1249 3832 est
1277 3771 1311 3830 in
1334 3771 1509 3830 civitatum
1533 3772 1567 3829 61
1590 3769 1735 3844 66111616
1759 3782 1832 3829 con·

600 3887 805 3948 tentionibus
828 3885 1008 3947 sterilibus.

646 4000 828 4062 Oivitatum
860 4001 895 4061 61
923 3999 1077 4076 66111616.
1110 3997 1238 4058 Harum
1262 3997 1468 4073 praesertim.
1493 3996 1578 4056 Nam
1602 3995 1689 4070 quod
1711 3995 1837 4056 1166116

600 4117 689 4177 11166
723 4113 936 4174 intenderunt
968 4112 1194 4174 Athenienses
1228 4114 1265 4172 ut
1300 4111 1399 4187 primi
1428 4109 1546 4172 tierent
1575 4111 1663 4171 inter
1692 4109 1834 4172 Graecos

600 4232 792 4302 ceterasque
822 4227 976 4288 ciuitates
1006 4225 1071 4286 61111
1100 4225 1289 4286 subicerent
1319 4226 1471 4300 cunctas,
1501 4239 1567 4284 non
1596 4223 1699 4284 durus
1732 4224 1832 4298 aliqui

601 4345 680 4405 16611
711 4343 898 4404 66661661
928 4341 1035 4402 1166116
1066 4343 1240 4415 externus,
1272 4338 1330 4400 sed
1360 4339 1508 4414 16661616
1536 4339 1618 4399 11666
1640 4338 1832 4414 161166166.

601 4458 647 4519 Ut
682 4458 755 4532 ipsa
790 4455 941 4530 Graecia,
977 4455 1026 4516 sic
1065 4457 1100 4515 61
1134 4453 1285 4527 singulae
1319 4452 1473 4514 civitates
1507 4451 1651 4513 Graecae
1680 4450 1833 4513 1111611661

600 4572 654 4634 161
689 4573 792 4634 611661
827 4573 861 4632 16
896 4570 1009 4647 616166
1049 4572 1164 4646 661166
1209 4569 1304 4629 61661
1341 4566 1477 4627 divisae.
1514 4566 1638 4627 Priscis
1672 4566 1832 4642 recentia,

600 4686 755 4762 agricolis
786 4687 992 4747 mercatores
1021 4685 1054 4745 61
1084 4681 1231 4759 66111666,
1263 4680 1428 4742 nobilibus
1458 4681 1613 4741 homines
1643 4682 1722 4741 6611
1755 4695 1832 4741 6661

601 4799 678 4861 alibi
711 4799 837 4876 passim
870 4800 965 4860 erant
994 4797 1137 4873 oppositi
1159 4799 1232 4857 ium
1254 4795 1394 4856 veroin
1416 4793 1673 4856 Atheniensium
1698 4794 1835 4856 civitate

600 4917 752 4989 strenua,
785 4913 865 4974 dum
903 4913 991 4973 laeto
1030 4911 1237 4971 incremento
1272 4909 1379 4970 maior
1417 4908 1451 4970 in
1490 4908 1561 4969 dies
1600 4905 1701 4968 flebat
1734 4909 1837 4981 61666

603 5026 799 5104 opulentior.
