4375 6284
657 861 721 923 264
1095 877 1138 922 ns
1160 874 1268 922 curo
1290 874 1444 922 ananim.

654 1065 694 1111 ea
723 1051 820 1126 signa
850 1048 899 1109 lta
927 1050 1007 1109 sunt
1035 1046 1185 1109 adhiblta
1214 1047 1248 1108 in
1272 1062 1396 1124 papyro
1419 1048 1587 1110 comicum
1609 1047 1743 1123 aliquod
1765 1047 1872 1108 dranm

654 1163 829 1240 complexa
851 1157 885 1232 ¹).

697 1390 796 1452 Brevi
813 1392 889 1466 post
906 1388 1053 1450 madium
1072 1389 1245 1450 saeculum
1263 1389 1357 1450 111¹¹¹¹¹
1372 1391 1450 1451 ante
1462 1389 1538 1451 chr.
1550 1389 1754 1465 singularem
1767 1403 1873 1450 curam

654 1507 688 1566 et
721 1505 864 1566 aliorum
893 1505 1068 1579 poetarum
1100 1505 1135 1564 et
1165 1505 1368 1566 comicorum
1399 1503 1552 1580 operibus
1582 1503 1746 1580 impendit
1776 1503 1825 1564 vir
1843 1503 1874 1562 iu

653 1619 766 1694 paucis
795 1618 913 1678 doctos
943 1618 979 1678 et
1008 1616 1152 1692 prudens
1181 1617 1425 1694 Aristophanes
1454 1617 1653 1693 eremum,
1684 1616 1741 1690 qui
1765 1615 1876 1677 Biblio-

651 1733 770 1793 thecae
804 1730 1047 1794 Alexandrinae
1080 1729 1320 1807 aliquantisper
1353 1731 1418 1792 luit
1448 1731 1669 1808 praepositus,
1702 1728 1877 1805 discipulus

656 1843 865 1921 Callimachi,
909 1844 1083 1921 Zenodoti,
1118 1843 1360 1922 Eratosthenis,
1395 1844 1565 1906 Mathonis
1598 1846 1717 1921 poetae
1751 1843 1876 1916 comici,

655 1959 849 2035 euphronii,
880 1957 1031 2032 Dionysii
1053 1956 1173 2020 Iamhi.
1204 1958 1267 2033 Qui
1288 1961 1459 2035 poetarum
1482 1958 1662 2033 lyricorum
1685 1959 1721 2019 et
1742 1957 1878 2018 scenioo

655 2089 731 2134 rum
760 2073 924 2134 editiones
954 2071 1084 2147 pararit
1114 2071 1285 2147 aliquanto
1315 2086 1417 2146 quam
1448 2087 1533 2147 quae
1556 2074 1654 2134 antea
1676 2071 1877 2133 circumiere

655 2187 777 2248 bantur
806 2185 959 2248 utiliores
988 2188 1023 2246 et
1052 2185 1216 2260 gratiores
1243 2185 1440 2260 legentibus.
1463 2186 1548 2247 Nam
1571 2189 1606 2246 et
1627 2187 1761 2247 textum
1783 2198 1878 2258 quarn

655 2303 787 2376 poterat
815 2300 942 2376 optime
972 2293 1178 2370 reconsuite
1207 2302 1243 2361 et
1271 2299 1421 2362 carmina
1442 2300 1478 2361 in
1500 2299 1684 2362 versiculos
1707 2299 1880 2360 concinnos

656 2401 704 2475 ita
736 2413 872 2475 diremit
904 2413 976 2474 aive
1010 2409 1151 2473 ἐκώλισεν
1181 2415 1219 2474 ut
1248 2413 1443 2474 etiamnunc
1468 2414 1504 2474 in
1533 2412 1702 2475 codicibus
1729 2412 1881 2488 leguntur

655 2527 838 2604 perscripta
860 2521 896 2598 ἢ.
919 2524 1021 2589 Guius
1043 2526 1145 2587 studii
1166 2527 1297 2603 insigne
1315 2529 1570 2589 monumentum
1589 2525 1725 2602 praehet
1741 2525 1879 2599 Bacchy·

656 2641 732 2703 lidis
755 2657 901 2718 papyrus
924 2642 1058 2705 saeculo
1082 2640 1353 2704 antechristum
1377 2642 1409 2703 1⁰
1431 2643 1566 2718 scripta

701 2754 891 2817 Garminum
915 2755 1167 2818 dividendorum
1190 2755 1296 2819 offlcio
1319 2756 1474 2830 qumodo
1494 2756 1631 2817 iunctus
1649 2758 1740 2817 esset
1757 2755 1879 2816 Aristo

654 2870 797 2947 phanes,
820 2870 851 2930 1⁰
874 2874 949 2947 post
966 2869 1042 2932 (ihr.
1062 2870 1196 2933 saeculo
1215 2870 1383 2932 enarravit
1400 2869 1599 2931 Heliodorus
1614 2870 1650 2930 in
1669 2868 1877 2944 (tolometria,

656 2984 713 3059 qui
727 2982 811 3046 liber
829 2987 975 3046 aetatem
994 2999 1060 3046 non
1079 2984 1172 3060 tulit,
1192 2984 1251 3046 sed
1268 2985 1400 3060 saepius
1420 2983 1575 3046 laudatur
1592 2983 1627 3045 in
1646 2983 1800 3058 scholiis;
1815 2984 1878 3056 qui·

656 3097 714 3158 tus
733 3099 846 3160 autem
865 3097 1042 3159 rationibus
1057 3098 1300 3174 Aristophanes
1310 3097 1494 3173 Byzantius
1505 3101 1596 3160 esset
1606 3099 1740 3173 doctus,
1752 3095 1880 3158 saeculo

656 3213 809 3286 sequenti
831 3212 941 3273 docuit
964 3212 1165 3287 Hephaestio
1187 3213 1222 3272 in
1245 3211 1328 3274 libro
1350 3213 1390 3275 de
1413 3211 1635 3276 carminibus.
1656 3211 1766 3272 littam
1789 3211 1880 3286 signa

655 3325 867 3407 quantitatis,
891 3328 1103 3402 accentuum,
1127 3326 1265 3402 spiritus
1288 3326 1329 3388 ad
1352 3326 1608 3402 Aristophanem
1627 3325 1878 3401 grammaticum

656 3439 843 3500 referuntur
864 3437 900 3510 ⁴).
931 3439 1034 3501 cruce
1061 3445 1111 3523 (τῷ
1134 3456 1173 3522 χ,
1196 3437 1318 3517 geritote)
1341 3439 1480 3501 notabat
1501 3439 1744 3514 Aristophanes
1768 3451 1878 3499 sersus

656 3553 791 3616 molesti
813 3555 1004 3629 suspective
1026 3554 1080 3614 vel
1104 3555 1241 3615 omnino
1263 3553 1410 3616 notabile
1432 3553 1556 3628 aliquid
1579 3553 1740 3615 habentes
1760 3547 1796 3624 ⁵).

701 3667 871 3744 Scriptone
905 3668 1080 3729 mandavit
1113 3668 1277 3743 quaedam
1310 3668 1552 3744 Aristophanes
1586 3683 1630 3729 ex
1658 3667 1701 3728 iis
1729 3680 1816 3742 quae
1842 3665 1876 3725 de

657 3781 845 3842 dramatum
876 3784 972 3844 textu
1003 3784 1037 3842 et
1058 3783 1175 3843 metris
1197 3781 1366 3843 auditores
1388 3782 1466 3843 riva
1492 3797 1570 3843 vooe
1592 3781 1709 3844 docere
1731 3779 1876 3843 solebat?

656 3895 692 3955 Si
726 3894 818 3972 iecit,
852 3895 893 3956 ad
927 3911 989 3957 nos
1018 3910 1084 3957 non
1113 3896 1265 3971 peruenit
1294 3897 1341 3956 rei
1371 3895 1551 3957 memoria:
1580 3897 1756 3971 poetarum
1788 3909 1876 3972 opera

655 4009 838 4086 recensuit,
871 4010 1126 4071 commentarios
1157 4009 1196 4070 de
1228 4010 1271 4070 iis
1299 4008 1409 4071 nullos
1438 4009 1571 4071 videtur
1600 4009 1788 4086 scripsisse.
1816 4009 1876 4070 Ari·

656 4123 791 4186 starcho
814 4123 1042 4200 potissimum,
1067 4123 1230 4201 discipulo
1254 4125 1326 4185 eius
1348 4123 1446 4200 longe
1465 4125 1770 4203 praestantissimo,
1793 4123 1874 4186 debe

657 4253 734 4300 mua
768 4252 852 4313 quae
887 4237 926 4299 de
960 4238 1032 4299 eius
1065 4238 1188 4300 studiis
1217 4238 1406 4300 Homericis
1435 4240 1608 4316 novimus,
1639 4238 1737 4300 alteri
1771 4242 1872 4300 autem

691 4545 710 4606 ι)
728 4544 816 4595 Hiheh
832 4547 925 4608 papyri
941 4546 955 4593 1
972 4543 1059 4609 (teos)
1077 4543 1109 4594 n⁰
1125 4549 1150 4595 d.

688 4623 710 4686 ¹)
726 4627 773 4674 Ex.
790 4640 829 4688 gr.
846 4627 977 4676 debentur
994 4627 1019 4676 si
1035 4627 1232 4676 emendationes
1249 4627 1354 4676 Theon.
1373 4628 1422 4676 ltu
1439 4631 1545 4683 Ἀλκαῖος
1561 4640 1610 4690 pro
1626 4631 1731 4690 Ἀχαιός,
1745 4629 1813 4678 elsa
1828 4625 1870 4674 itt

659 4707 717 4762 rate
734 4719 783 4768 pro
800 4707 867 4761 Λαΐς.

689 4781 711 4846 ³)
729 4786 769 4834 (li.
786 4786 892 4846 Dionys.
909 4785 942 4834 de
960 4787 1081 4848 compos.
1098 4786 1171 4836 verb.
1188 4801 1214 4848 p.
1232 4787 1315 4846 2³,dd
1333 4789 1361 4835 et
1378 4787 1419 4842 di.
1429 4789 1461 4836 18
1479 4787 1551 4848 dylh.

686 4861 710 4929 ⁴)
729 4862 866 4927 Aroad(l)
884 4878 910 4926 p.
929 4867 986 4914 tet.

688 4940 710 5004 ι)
729 4943 769 4992 ot
787 4945 870 4992 sohoi.
887 4945 948 4994 Pto.
967 4946 1016 4994 990
1033 4945 1139 4999 ruem
1157 4945 1207 4995 eit
1224 4945 1294 4994 Plut
1313 4946 1361 4996 ile
1378 4942 1493 5006 (Proles.
1511 4946 1545 4995 ed
1561 4947 1631 4996 Piut.
1647 4961 1675 5010 p.
1692 4947 1773 4998 xm
1787 4946 1841 5006 eu)
