4375 6284
741 989 818 1032 vira
842 989 880 1032 nu
904 985 1072 1031 ornaretis.
1475 974 1516 1034 21

304 1157 429 1230 luentls,
461 1158 495 1217 et
524 1156 666 1218 alteram
698 1159 881 1232 imaginem
912 1158 1121 1218 Athenarum
1153 1157 1193 1217 ad
1216 1157 1396 1232 pristinum
1419 1158 1520 1219 decus

304 1273 333 1328 et
352 1269 554 1344 opulentiam
578 1273 771 1332 renatarum
786 1315 793 1331 .
808 1315 815 1330 .
831 1315 838 1330 .

342 1383 462 1458 Nempe
492 1386 525 1458 in
555 1387 673 1459 poetae
695 1387 827 1459 pectore
851 1382 1041 1444 innocentia
1064 1380 1201 1457 puerilis
1223 1383 1381 1444 comitem
1406 1381 1521 1443 habult

302 1513 398 1570 sagax
421 1513 560 1559 acumen
580 1497 705 1572 ingenii
724 1511 801 1558 vere
822 1498 937 1558 virilis.
959 1497 1141 1557 Hominum
1160 1499 1312 1573 precibus
1330 1496 1384 1558 vel
1402 1497 1520 1571 iurgiis

301 1610 474 1683 retorqueri
503 1626 567 1672 non
592 1625 690 1686 posse
713 1612 874 1686 temporis
897 1611 1087 1687 decursum,
1113 1611 1260 1685 rugiebat
1281 1612 1343 1671 hoc
1365 1612 1519 1673 iuvenem

300 1723 524 1797 superstitione
554 1724 689 1785 amabili
721 1728 910 1799 correptum
943 1739 1004 1785 nec
1034 1723 1241 1785 dubitantem
1269 1723 1345 1798 quin
1370 1739 1412 1786 ex
1435 1741 1517 1786 aevo

301 1837 512 1912 praeterlapao
541 1837 608 1912 peti
638 1840 775 1913 possent
805 1838 949 1898 remedia
980 1837 1020 1898 ad
1051 1837 1235 1898 sanandam
1266 1838 1407 1912 patriam
1430 1838 1517 1898 labo·

300 1953 437 2024 rantem;
461 1951 519 2011 sed
542 1965 663 2011 aevum
688 1952 897 2027 hodiernum,
921 1951 1201 2025 quemadmodum
1223 1965 1266 2012 ox
1284 1951 1426 2026 pristino
1448 1967 1519 2027 pro·

300 2061 401 2138 fluxit,
425 2061 473 2123 sic
496 2064 570 2124 aevi
594 2063 697 2124 iuturi
718 2063 838 2124 habero
857 2078 976 2124 causas
995 2065 1029 2124 et
1048 2063 1193 2139 semina,
1212 2063 1397 2124 iuventutis
1416 2064 1518 2138 igitur

300 2175 519 2236 educationem
551 2191 624 2237 esse
648 2192 717 2237 rem
743 2177 895 2238 omnium
918 2176 1015 2251 longe
1038 2177 1288 2251 gravissimam,
1313 2177 1431 2253 qnippe
1455 2192 1520 2251 qua

300 2287 440 2362 neglecta
468 2304 574 2364 neque
603 2291 636 2351 in
667 2291 788 2352 altiora
819 2291 900 2352 eniti
931 2305 1037 2364 neque
1067 2290 1184 2351 florere
1215 2305 1320 2364 neque
1350 2290 1455 2351 tutari
1480 2306 1516 2351 ee

299 2402 394 2473 possit
411 2403 544 2476 civitas,
565 2404 597 2464 id
616 2404 720 2465 nihilo
741 2405 852 2464 minus
868 2403 979 2464 vivide
998 2404 1165 2478 persensit
1182 2419 1283 2478 quam
1301 2403 1517 2480 philosophus

299 2516 450 2575 senectuti
477 2517 617 2592 propior,
650 2516 705 2591 qui
734 2518 816 2577 item
846 2532 943 2577 suum
969 2516 1110 2577 ducebat
1132 2517 1363 2593 prudentiores
1386 2517 1521 2578 reddere

298 2625 453 2704 homines,
479 2631 517 2690 nt
541 2629 694 2690 meliores
717 2629 944 2704 felicioresque
966 2628 1101 2703 flerent;
1125 2631 1181 2704 qui
1205 2645 1337 2705 operam
1363 2630 1461 2691 dabat
1480 2633 1518 2690 ut

298 2741 452 2814 cogitandi
484 2745 590 2802 artem
631 2756 687 2802 eos
721 2743 865 2819 doceret,
901 2745 939 2803 ut
972 2758 1049 2803 vero
1078 2748 1251 2818 perspecto
1282 2744 1417 2804 sibimet
1452 2744 1517 2819 ipsi

299 2853 473 2927 temperare
496 2855 660 2916 discerent
686 2858 719 2916 et
745 2871 865 2916 severa
887 2855 1062 2931 disciplina
1085 2870 1157 2916 eam
1182 2857 1375 2917 felicitatem
1401 2857 1517 2932 adipis·

300 2969 451 3042 cerentur,
483 2983 583 3041 quam
615 2984 679 3029 non
711 2984 808 3029 caeca
839 2969 972 3029 fortuna
995 2970 1054 3029 aut
1075 2968 1211 3043 praebet
1235 2972 1294 3029 aut
1316 2970 1437 3044 aufert,
1462 2971 1520 3030 sed

300 3077 355 3150 ipsi
385 3080 446 3140 sibi
478 3081 610 3155 pariunt
636 3081 796 3142 mortales
819 3097 925 3156 neque
947 3085 1077 3157 partam
1104 3084 1260 3142 amittere
1283 3087 1421 3159 queunt,
1444 3098 1520 3156 quo·

299 3191 380 3252 niam
402 3195 536 3255 unicum
560 3194 687 3256 malurn
712 3198 764 3256 est
788 3196 856 3256 veri
880 3196 1051 3270 ignoratio.

336 3305 386 3368 Sic
416 3323 491 3368 cum
523 3307 658 3370 Socrate
690 3309 857 3370 concurrit
883 3309 1134 3384 Aristophanes.
1158 3309 1230 3370 Non
1253 3311 1366 3370 tamen
1390 3311 1517 3369 socium

301 3417 363 3479 viro
385 3419 462 3481 huic
485 3422 661 3482 maturiori
685 3438 722 3483 se
745 3423 897 3497 adiungit
920 3422 1129 3499 adulescens,
1153 3424 1209 3484 sed
1233 3423 1459 3484 adversarium
1484 3439 1521 3482 se

299 3529 324 3588 ei
352 3534 492 3608 opponit.
524 3535 715 3595 Educationi
747 3535 938 3610 propaginis
968 3537 1209 3597 succrescentis
1242 3538 1400 3610 quoniam
1432 3538 1520 3598 inest

299 3657 367 3716 spes
390 3647 549 3723 civitatis,
576 3649 729 3709 Socrates
754 3648 844 3709 cives
866 3648 997 3709 futuros
1020 3647 1060 3709 ab
1084 3650 1250 3710 erroribus
1273 3652 1420 3727 avocari,
1441 3665 1521 3711 vera

299 3757 399 3818 doceri
427 3759 532 3834 iubet,
565 3761 687 3835 spretis
715 3762 811 3822 uanis
834 3761 1008 3822 hominurn
1034 3763 1244 3823 commentis.
1269 3763 1311 3824 Se
1333 3765 1424 3839 ipsos
1447 3779 1519 3839 cog-

299 3878 465 3949 noscunt0‚
486 3889 592 3948 neque
608 3876 686 3948 quid
702 3875 757 3935 alii
773 3875 969 3950 perhibeant
984 3875 1108 3935 olimve
1125 3877 1351 3950 perhibuerint
1363 3882 1517 3953 repento,

300 3987 350 4044 sed
379 3992 560 4062 sequuntur
591 4004 674 4062 quae
705 4003 785 4050 vera
814 3992 848 4050 et
879 3991 970 4050 recta
1001 3991 1036 4048 et
1065 3989 1168 4063 proba
1191 4004 1264 4050 esee
1287 3990 1435 4050 sentiant
1457 3991 1520 4066 ipsi

300 4097 481 4178 incorrupto
497 4117 600 4164 sanae
617 4104 742 4163 mentis
762 4103 881 4164 iudicio
901 4104 963 4164 usi.
984 4102 1082 4162 Falsa
1102 4105 1136 4164 et
1154 4118 1259 4177 prava
1277 4119 1319 4163 ax
1331 4104 1518 4176 aequalium

301 4214 458 4274 mentibus
488 4231 549 4275 ceu
580 4215 695 4276 lolium
727 4215 843 4276 lnielix
877 4215 991 4277 evellit
1020 4214 1090 4293 ille,
1122 4216 1159 4276 ut
1181 4216 1331 4276 melioris
1354 4217 1522 4277 doctrinae

300 4327 494 4395 germinibus
529 4328 573 4388 ibi
607 4326 665 4389 flat
699 4329 792 4389 locus
834 4328 875 4389 ad
917 4329 1003 4390 laete
1038 4329 1330 4404 procresccndum;
1369 4329 1521 4403 vulgares

301 4437 462 4503 hominum
494 4443 664 4519 opiniones
694 4459 795 4518 quam
825 4442 934 4504 multa
963 4444 1108 4504 habeant
1137 4444 1242 4504 stulta
1273 4447 1306 4504 et
1337 4444 1462 4520 inania,
1488 4449 1522 4505 et

300 4557 451 4624 quantum
482 4556 617 4616 intersit
645 4557 731 4617 inter
761 4555 963 4631 probabilem
995 4557 1184 4632 opinionem
1210 4560 1400 4630 certamque
1422 4558 1522 4618 scien·

301 4665 390 4742 tiam,
425 4668 541 4729 sedulo
583 4670 802 4746 demonstrat,
838 4673 876 4729 ut
914 4669 954 4729 ad
989 4685 1069 4730 vera
1107 4669 1301 4743 sinceraque
1339 4673 1521 4745 appetenda

302 4780 417 4841 exciwt
441 4782 628 4842 auditores.
644 4828 672 4842 ..

340 4893 399 4953 Sed
423 4895 712 4970 sapientissimum
737 4896 831 4956 illum
855 4895 1048 4956 mortalium
1073 4895 1231 4956 admirari
1254 4899 1313 4956 aut
1335 4910 1448 4956 amare
1467 4896 1523 4970 qui

303 5008 403 5075 potest
426 5011 525 5082 poete
544 5009 698 5070 iuvenis?
717 5009 837 5070 Veram
857 5024 967 5070 rerum
988 5011 1145 5070 naturam
1164 5009 1219 5082 qui
1238 5011 1392 5084 appetere
1413 5009 1523 5084 potius
